1721 2974
244 175 297 216 acl
320 173 481 228 Quintil.
504 173 632 214 Inslc't.
659 171 713 222 V,
741 177 806 213 11.
836 172 871 225 §.
898 171 1093 214 38-44.
1139 176 1204 212 12.
1228 172 1430 225 §.1-5,
1490 181 1571 218 283

133 291 337 342 conringii.
386 287 509 329 Goth.
540 289 659 327 etiam
688 288 870 341 contigit,
911 295 950 326 et
969 284 1281 339 Guelfijuclices.
1330 286 1475 329 mona
1498 306 1574 330 sec,

133 373 190 397 m.
218 361 338 396 inser.
370 366 447 395 ant.
559 365 639 394 aut.
688 354 792 395 Flor.
823 365 885 405 at,
925 369 946 394 a
974 369 1049 394 sec.
1076 369 1132 394 m.
1163 370 1224 394 ac·
1343 356 1574 398 adversarii.

134 423 257 465 Amb.
282 429 318 464 1.
347 423 551 462 diversari.
663 425 751 476 ejus.
798 421 918 462 Amb.
950 427 987 460 1.
1018 437 1075 461 eo.
1192 437 1246 460 ex
1272 420 1350 462 cliv.
1402 422 1539 477 Camp.
1560 442 1579 464 e

137 493 214 531 div.
328 493 422 543 ogit.
481 489 587 529 Flor.
619 493 762 541 agitur.
821 487 941 531 Goth.
973 492 1043 528 ait.
1165 488 1337 544 aliquod.
1394 488 1513 532 Amb.
1544 498 1580 542 1.

138 558 274 599 Turio.
308 556 447 611 Camp.
478 557 586 598 Jeus.
615 557 735 598 Tarv.
764 556 924 611 aliquid.
1038 572 1241 597 assumere.
1299 555 1433 612 Camp.
1467 576 1580 598 assu-

138 637 258 666 mant.
343 635 378 664 et
399 625 478 663 has.
530 624 670 678 Camp.
693 624 746 664 acl
768 625 851 664 has.
948 626 1065 664 inart.
1083 624 1194 679 prob.
1243 623 1310 665 Sic
1333 628 1454 665 etiam
1474 626 1581 668 Flor.

138 696 259 734 inari.
285 696 515 733 orationum.
555 690 675 733 Amb.
695 698 734 733 2.
757 689 878 732 Bern.
898 691 1015 732 Voss.
1036 697 1072 732 1.
1093 697 1134 732 3.
1228 688 1330 749 quod
1352 710 1408 734 ea.
1446 692 1584 749 Camp.

139 765 206 816 qui
225 778 282 802 ea.
369 763 563 800 inveniret.
611 757 733 802 Amb.
760 765 797 801 1.
829 759 936 800 Flor.
966 763 1162 801 invenerit.
1247 771 1394 802 orator.
1443 761 1582 804 Turio.

140 829 245 869 Flor.
266 831 424 868 oratori.
532 830 737 882 acciperet.
789 826 926 868 Turio.
950 832 1140 883 accipere.

249 902 281 950 §.
312 898 375 937 44.
435 898 520 936 sim.
545 894 591 934 de
612 898 708 950 ipsa.
759 894 884 935 Amb.
909 901 944 936 1.
963 911 1120 951 quoque
1141 904 1249 936 slede
1271 899 1370 951 ipsa..
1421 896 1529 939 Flor.
1552 915 1588 940 a.

139 980 200 1018 pr.
224 981 280 1006 m.
301 982 333 1005 s.
353 975 386 1003 et
407 967 451 1012 i„
482 980 504 1003 a
522 979 599 1004 sec.
621 979 673 1002 m.
699 978 790 1002 cum
807 961 931 1004 Amb.
950 970 988 1004 2.
1021 973 1066 1005 ut
1092 965 1227 1006 editio.
1309 970 1582 1021 pronunciant.

143 1031 274 1075 Guelf.
304 1031 429 1074 Amb.
452 1038 490 1074 2.
523 1029 644 1073 Goth.
665 1029 785 1072 Bern.
808 1034 1039 1072 renuntiant.

698 1155 730 1198 C
765 1170 791 1196 A
823 1171 861 1197 P.
920 1154 1038 1197 XII.

258 1237 294 1288 §.
326 1242 362 1277 1.
420 1235 484 1276 vel
503 1236 550 1275 ab
571 1238 632 1276 iis.
686 1235 826 1289 Camp.
849 1251 928 1275 om.
950 1236 1012 1277 ab.
1096 1246 1290 1291 percepta.
1342 1236 1450 1277 Jens.
1473 1236 1591 1278 Tarv.

145 1304 243 1345 Loc.
270 1303 370 1345 Ald.
391 1316 618 1360 praecepta.
701 1303 801 1343 ZVee.
848 1303 974 1345 Amb.
999 1309 1036 1345 1.
1067 1303 1202 1346 Turio.
1232 1303 1369 1345 Guelf.
1401 1304 1526 1345 Amb.
1550 1313 1590 1347 2.

146 1372 287 1425 Camp.
310 1389 436 1426 neque.
521 1371 793 1413 abhorrebunt.
839 1371 966 1412 Amb.
993 1377 1030 1414 1.
1062 1371 1198 1412 Ταῑὶο.
1221 1372 1337 1413 Alm.
1369 1372 1592 1414 horrebunt.

233 1439 360 1480 uic-nd.
385 1440 458 1479 his.
507 1439 614 1479 Flor.
642 1438 781 1494 Camp.
803 1439 930 1491 Obr.‚
971 1449 1010 1481 et
1036 1442 1121 1480 sine
1154 1441 1274 1481 dubio
1307 1439 1436 1480 Amb.
1468 1446 1506 1481 1.
1538 1453 1592 1482 ut.

148 1511 214 1548 cis.
269 1506 391 1548 Goth.
412 1507 538 1548 Amb.
561 1514 600 1548 2.
625 1519 676 1547 ut.
697 1511 765 1548 eis.
813 1506 947 1549 Guelf.
969 1523 1048 1548 om.
1070 1508 1147 1548 his.

261 1577 297 1628 §.
330 1582 370 1615 2.
427 1575 725 1629 Argumentum.
785 1574 921 1616 Turic.
952 1573 1065 1618 Alm.
1098 1574 1238 1631 Camp.
1269 1587 1596 1631 argumentorum.

232 1661 302 1684 con
328 1661 463 1683 essum.
515 1642 654 1698 Camp.
680 1660 917 1683 consensum.

262 1713 299 1762 §.
333 1717 372 1752 3.
432 1729 545 1766 qnam
570 1728 681 1767 quae.
725 1711 857 1751 Turio.
877 1710 1007 1765 Flor.,
1059 1721 1227 1767 uterque
1249 1728 1271 1753 a
1294 1729 1353 1768 pr.
1377 1730 1433 1754 m.
1448 1746 1459 1766 ‚
1489 1712 1596 1755 Alm.

148 1796 398 1834 quamquam.
446 1778 572 1820 Aan.
614 1785 653 1820 2.
678 1796 880 1835 quamque.
998 1798 1025 1821 α
1054 1791 1103 1820 ie.
1155 1780 1290 1821 Turio.
1324 1780 1463 1836 Camp.
1495 1794 1596 1823 ante.

151 1850 369 1887 commissa.
418 1846 597 1906 Jen80¹et
627 1849 718 1887 edd.
752 1855 842 1887 ffl'lte
877 1848 986 1888 Sich.
1007 1847 1146 1905 facta.
1266 1860 1462 1888 cruentam
1481 1853 1594 1890 enim.

149 1915 256 1955 Flor.
285 1930 306 1954 a
325 1931 385 1968 pr.
406 1931 462 1953 111.
494 1926 684 1954 eruentem
708 1932 763 1963 e.,
795 1931 888 1955 cum
905 1915 1031 1955 Amb.
1053 1922 1116 1965 2.,
1146 1917 1214 1956 sed
1237 1920 1378 1956 omisso
1391 1920 1513 1957 enim.

138 1982 311 2040 fatetur.
364 1981 500 2021 Turio.
534 1996 557 2020 a
588 1998 647 2035 pr.
681 1982 954 2039 m.fatentuf·.
1041 1987 1223 2037 quamsi.
1269 1982 1381 2024 AJm.
1404 1983 1533 2025 Amb.
1555 1992 1598 2027 2.

151 2053 277 2105 quasi.
364 2048 572 2089 cardinem.
618 2048 746 2089 Amb.
771 2055 811 2090 2.
841 2050 1027 2090 ordinem.
1114 2051 1277 2091 videtur.
1330 2050 1469 2107 Camp.
1491 2053 1599 2093 vitle-

154 2130 272 2158 relur,
368 2116 618 2171 desperasset.
667 2115 805 2157 Turic.
830 2117 1064 2172 desperaret.

267 2187 305 2236 §.
337 2186 376 2224 4.
436 2184 611 2236 singull&
662 2183 798 2225 Turio.
822 2201 844 2225 a
864 2202 942 2226 sec.
968 2201 1022 2226 m.
1047 2184 1166 2226 Bodl.
1188 2185 1279 2227 Bal.
1301 2190 1436 2242 signis,
1537 2193 1598 2230 in-

152 2253 346 2293 siandum.
395 2251 485 2292 Bal.
506 2250 699 2291 standum.
804 2264 967 2308 oportet.
1015 2253 1141 2295 Amb.
1165 2261 1204 2295 2.
1235 2266 1377 2310 portet.
1480 2260 1600 2299 imbe-

154 2322 263 2362 cilla.
320 2319 446 2360 Amb.
483 2325 520 2360 1.
557 2319 791 2370 imbecillia,
855 2337 925 2375 pro
974 2338 999 2361 α
1046 2322 1250 2375 legebatur
1281 2339 1330 2364 σε.
1451 2338 1596 2369 mutuo.

157 2387 279 2430 Goth.
301 2391 437 2429 nimio.
544 2390 681 2428 sustin.
730 2387 869 2442 Camp.
887 2389 1048 2430 substin.

269 2458 305 2508 ς.
339 2461 378 2497 5.
437 2455 576 2511 Itaque
606 2458 641 2495 si
668 2472 757 2497 non.
806 2456 930 2497 Amb.
962 2462 1001 2498 2.
1030 2456 1154 2497 Bern.
1184 2457 1301 2499 Voss.
1335 2465 1374 2501 1.
1407 2466 1444 2501 3.
1479 2465 1598 2504 etiam

158 2526 285 2578 itaque
311 2540 398 2564 non.
487 2527 594 2579 quia.
644 2521 779 2565 Guelf'.
801 2522 925 2566 Amb.
947 2531 983 2565 2.
1009 2523 1132 2566 Bern.
1158 2542 1249 2580 qua.
1332 2544 1475 2582 magna
1497 2543 1597 2572 sunt.

160 2589 227 2630 Sic
247 2593 364 2630 etiam
382 2590 473 2634 Par.
498 2598 535 2634 1.
558 2600 596 2635 2.
655 2593 737 2635 Sed
756 2592 881 2633 Amb.
908 2598 944 2632 1.
967 2592 1105 2634 Turio.
1128 2608 1151 2633 a
1171 2609 1231 2648 pr.
1254 2611 1309 2636 m.
1340 2595 1448 2636 Flor.
1471 2597 1597 2641 Amb.

161 2663 202 2699 2.
232 2657 353 2701 Bern.
385 2677 525 2715 magna
546 2665 635 2702 sint.
754 2663 846 2717 quia
869 2659 992 2701 multa
1014 2671 1125 2713 sunt,
1170 2678 1268 2717 quac
1289 2663 1354 2704 ad.
1401 2662 1525 2705 Amb.
1563 2673 1598 2707 1.
