1757 2979
221 135 303 174 448
579 166 581 168 .
654 134 928 189 Supplemenia
966 136 1228 175 annotationis

332 247 370 297 §.
403 252 469 288 52.
505 255 507 257 ’
525 250 725 302 prooemia
745 261 998 300 supervacua.
1037 244 1106 286 Sic
1132 244 1221 286 Par.
1241 251 1280 286 2.
1306 261 1385 286 sec.
1411 261 1469 287 m.
1519 263 1660 301 prooe-

221 317 338 353 mium
366 330 502 369 super-2·
506 331 642 354 acuum
670 314 760 354 Par.
783 319 821 353 1.
845 319 884 354 2.

335 386 371 432 §-
403 387 469 423 53.
503 382 692 421 -clicimus
713 405 770 411 -—
792 381 1010 420 scribimus.
1060 378 1128 420 Sic
1148 379 1238 420 I'ar.
1259 385 1295 421 1.
1314 386 1356 421 2.
1589 402 1593 410 =

333 453 370 504 §.
403 448 968 491 54.AnDem0s1l2enes—
992 446 1140 487 Cicera
1186 448 1277 488 Par.
1307 453 1345 487 1
1367 453 1406 488 2.
1426 446 1496 487 An
1514 447 1662 488 Demo*

221 518 385 557 stlte-nem
417 517 577 571 (Par.2
581 531 682 568 ..pr
704 530 760 555 m.
791 515 1066 556 Demosthenes
1096 514 1199 555 male
1219 532 1251 556 s.
1273 513 1441 570 egisset)
1469 514 1588 554 malle
1603 516 1663 554 sic

222 588 344 639 egisse
365 603 401 625 u.
425 602 456 624 s.
481 600 520 623 a.
546 582 804 636 Ciceronem).

335 654 372 702 §.
405 655 470 692 55.
530 650 685 690 scribet.
732 649 799 691 Sic
825 649 917 691 Par.
948 655 982 689 1.
1010 655 1050 690 2.
1138 648 1346 690 recidetur.
1394 615 1464 690 Sie
1495 648 1589 690 Par.
1619 654 1661 690 2.

223 720 439 760 reciderunt
467 717 558 758 Par.
580 723 617 757 1.
963 754 968 759 ,

337 787 372 837 §.
402 789 468 826 56.
529 788 609 838 ejus
627 784 724 824 vult.
762 784 852 825 Par.
873 789 914 824 2.
945 799 1022 824 sec.
1044 798 1098 822 m.
1128 786 1163 823 ei
1184 800 1221 823 v.
1277 783 1369 824 Par.
1391 787 1431 824 1.
1461 783 1579 823 hisrv.

221 865 362 894 rector.
409 852 499 892 Par.
525 857 560 892 1.
580 858 618 892 2.
642 862 781 892 rectus.
1609 846 1611 848 ¹

335 923 369 974 ξ.
403 925 470 960 58.
529 919 710 958 discedit.
756 918 847 958 Par.
872 923 908 957 1.
930 923 969 957 2.
998 916 1208 956 descendit.
1269 915 1347 970 [In
1371 919 1564 969 scriptura
1593 930 1664 955 ve-v
1710 921 1714 923 ⁴

221 998 328 1029 tusta
338 988 390 1027 atl
406 1003 529 1042 ponus
550 986 700 1026 dionier
720 994 880 1038 apparet
895 988 1044 1024 litteras
1065 984 1219 1038 aclponu
1233 994 1346 1024 natas
1367 999 1448 1024 esse
1470 981 1663 1023 eGraecis

224 1053 391 1110 ἁδρὸν
375 1052 400 1107 ἡ
421 1079 486 1092 --.
516 1052 747 1093 Remanent
766 1054 880 1104 haec,
900 1052 1096 1092 sdionier:
1119 1055 1163 1090 in
1182 1055 1324 1106 quibus
1343 1052 1441 1106 quid
1458 1051 1553 1089 huic
1573 1052 1662 1088 loco

223 1133 361 1177 aptum
377 1125 499 1161 lateat
517 1137 601 1161 11011
622 1124 800 1171 invenio,
821 1123 899 1161 nisi
917 1122 1018 1162 forte
1036 1134 1120 1158 11011
1139 1121 1257 1158 nimis
1275 1120 1426 1158 recedit
1444 1115 1663 1170 σθεναρὸν.
1671 1132 1677 1133 ’

222 1191 491 1232 BUTTMANN.
522 1188 584 1228 At
614 1186 818 1241 σθειαοόν
845 1189 894 1226 de
920 1202 1066 1240 genere
1091 1187 1249 1226 dicendi
1273 1202 1359 1226 11011
1382 1194 1439 1225 est
1456 1185 1665 1224 rhetorum

224 1256 490 1307 Graecorum,
527 1260 658 1309 potius
686 1253 883 1310 σφοδρόν.
920 1218 1121 1305 ovetum,
1159 1257 1193 1293 si
1218 1254 1317 1308 quid
1343 1256 1449 1294 ultra
1478 1253 1665 1293 divinan-

222 1327 318 1365 dum
332 1357 342 1375 ‚
373 1328 497 1365 velim
522 1322 728 1377 ἀνδρῶδες
745 1339 764 1362 e
781 1325 923 1362 litteris
944 1322 1166 1373 extremis.]

335 1394 370 1444 §.
404 1396 470 1432 59.
525 1394 707 1444 gravitas
727 1390 921 1429 videatur.
963 1389 1179 1429 Pottierius
1208 1388 1315 1427 nihil
1340 1389 1418 1426 nisi
1443 1391 1488 1426 in
1508 1386 1661 1429 Pam.

222 1466 247 1501 2
254 1490 263 1500 .
293 1459 472 1498 videatur
499 1474 580 1497 esse

593 1491 603 1509 ‚
643 1474 714 1511 pro
743 1473 822 1512 quo
856 1456 1083 1510 Caperoma.
1113 1456 1278 1495 videtur.
1336 1454 1514 1495 Fortasse
1542 1455 1665 1508 igitur

221 1531 284 1566 vis
305 1529 525 1580 requiratur
553 1526 820 1565 scribendum.

337 1596 375 1645 §.
409 1598 475 1633 61.
536 1593 818 1647 aliquandoque
843 1591 926 1632 Cic.
953 1590 1035 1689 κ,516
1056 1590 1147 1632 Par.
1174 1596 1212 1630 1.
1234 1596 1274 1631 2.

335 1667 369 1714 §.
404 1665 471 1701 62.
530 1671 737 1699 tractatus.
776 1660 866 1699 Par.
891 1665 928 1699 1.
981 1669 1222 1699 ..tractatur
1305 1657 1384 1696 hic.
1419 1654 1492 1697 ,Sic
1508 1654 1598 1695 Par.
1625 1660 1663 1695 1.

223 1737 262 1772 2.
298 1728 476 1784 (Pottier
505 1731 614 1767 enim
645 1727 732 1766 linc.
744 1726 758 1780 )
816 1726 924 1778 [Hic
950 1665 1054 1765 {icet
1076 1727 1134 1763 Te
1150 1725 1267 1764 vidit.
1317 1723 1458 1775 Nugae
1478 1722 1555 1761 hae
1573 1732 1667 1762 sunt

221 1800 435 1838 verborum
455 1805 493 1836 et
517 1798 565 1834 ab
589 1797 785 1847 elegantia
807 1797 1004 1846 scriptoris
1022 1801 1213 1831 remotae.
1269 1789 1323 1830 Et
1339 1793 1666 1843 certissima-qui-

224 1866 317 1904 dem
347 1863 543 1904 Obrechti
580 1862 821 1900 emendandi
853 1864 952 1899 ratio
984 1861 1163 1907 videtur,
1211 1873 1284 1911 pro
1321 1858 1385 1896 hic
1413 1859 1542 1911 itaque
1570 1856 1667 1896 illuc

223 1932 477 1972 scribendum
495 1945 575 1969 esse
596 1930 671 1968 huc
691 1939 804 1982 atquc
823 1927 931 1967 illuc.
988 1926 1094 1967 Nam
1119 1928 1247 1979 itaque
1271 1933 1383 1964 tanto
1409 1927 1621 1966 intervallo
1644 1939 1667 1964 a

223 2001 419 2053 principio
442 2006 641 2038 remotum
672 1998 888 2048 aegerrime
918 1996 1000 2033 fero
1032 1994 1138 2046 apud
1168 1991 1491 2043 Quintilianum,
1535 2006 1667 2045 quau-

224 2081 347 2121 quam
373 2067 555 2105 similiter
584 2064 691 2117 apud
720 2062 902 2103 Plinium
927 2062 1016 2101 hist,
1043 2069 1126 2100 nat.
1158 2065 1224 2110 18,
1248 2065 1286 2109 8,
1309 2063 1396 2100 2111
1415 2060 1511 2098 edit.
1538 2058 1664 2099 Hard.

222 2137 368 2187 legitur
391 2134 559 2171 omnium
575 2133 770 2170 sententiis
799 2129 998 2169 absolutus
1034 2131 1214 2181 itaque
1251 2134 1320 2166 es‘t.
1377 2125 1511 2165 Etiam
1537 2128 1667 2178 prima

223 2205 295 2240 illa
319 2201 421 2239 dicet
439 2211 474 2237 te
494 2198 615 2247 vidit,
657 2213 759 2253 quae
779 2206 898 2236 nemo
919 2198 1065 2235 dixerit
1096 2210 1179 2249 quo,
1197 2197 1442 2248 pertineant,
1481 2195 1666 2235 librario—

223 2284 316 2308 rum
348 2270 666 2307 imbecillitatem
695 2266 798 2304 mihi
829 2265 996 2318 prodere
1034 2264 1222 2303 videntur
1241 2295 1252 2314 ‚
1306 2272 1461 2314 semper
1500 2262 1582 2298 fere
1621 2262 1666 2297 in

226 2339 345 2376 verbo
360 2335 510 2389 judices
527 2334 826 2386 trepidantium.
884 2330 1026 2386 Itaque
1053 2333 1264 2369 maluerim
1292 2332 1369 2368 sic:
1411 2328 1475 2366 hic
1495 2326 1667 2380 judicem

227 2414 261 2442 et
283 2402 494 2457 appellabit
512 2413 546 2440 et
559 2402 699 2457 flebit,
740 2411 775 2439 et
790 2417 860 2454 per
881 2415 1008 2439 omnes
1035 2390 1201 2452 affectas
1232 2406 1423 2436 tractatus
1449 2394 1524 2433 huc
1551 2404 1667 2448 atque

228 2470 324 2509 illuc
341 2480 537 2524 sequetur:
570 2484 696 2507 uuum
713 2477 870 2507 tantum
890 2467 967 2506 hoc
986 2467 1140 2516 dubito,
1169 2480 1268 2503 11an
1287 2466 1369 2503 sola
1387 2465 1428 2502 vi
1446 2465 1666 2522 senteutiae

226 2540 445 2587 subjectum
464 2539 611 2575 mutari
633 2538 777 2589 possit,
808 2544 864 2583 ut,
899 2534 1008 2588 quod
1029 2542 1144 2572 antea
1167 2542 1302 2570 orator
1324 2533 1464 2580 fuerit,
1494 2537 1583 2582 post
1597 2531 1667 2568 fiat

224 2604 363 2656 judex.
422 2603 526 2644 Nam
552 2612 597 2643 ut
621 2612 708 2657 post
730 2602 823 2643 illuc
845 2603 1049 2652 adjiciatur
1069 2594 1135 2639 ille
1153 2601 1326 2638 insolens
1347 2599 1468 2637 fuerit
1485 2597 1663 2636 suadere.

1752 2293 1757 2599 i
