1721 2974
314 165 367 205 acl
398 161 561 217 Quintil.
594 161 725 202 Instit.
770 158 849 212 VI,
909 163 949 199 4.
979 161 1015 212 §.
1048 165 1194 201 2—9.
1400 159 1479 203 347

145 283 181 332 §.
212 283 253 320 8.
318 278 425 333 Opus
446 288 515 317 est.
573 277 680 317 Flor.
712 291 793 315 om.
829 285 898 314 cst.
1011 276 1159 313 statim.
1209 272 1332 317 Amb.
1366 281 1405 316 1.
1433 275 1483 329 (a

31 362 109 388 sec.
140 362 197 387 m.
229 346 372 400 satim)
408 346 514 386 Flor.
543 347 663 384 etiam
683 346 794 383 satis.
880 341 965 382 sub.
1008 340 1117 380 Flor.
1139 344 1302 383 omittit.
1366 347 1484 383 -esri-

30 414 175 468 gemla.
225 413 292 455 Sic
311 417 430 453 etiam
452 412 578 451 Amb.
601 417 638 451 1.
655 411 763 450 Flor.
788 410 879 450 Par.
904 415 942 450 1.
1031 426 1117 449 cum
1139 411 1179 448 in
1202 413 1319 450 omni.
1356 411 1482 456 Amb.

37 489 76 524 1.
107 482 243 523 Turio.
265 497 287 521 a
305 498 364 535 pr.
388 496 443 520 m.
465 479 574 519 Flor.
595 477 708 518 Alm.
732 481 922 518 omittunt
944 480 996 517 in.
1084 488 1188 518 totas
1206 494 1293 517 non.
1341 478 1484 535 Camp‚

35 553 156 589 inser.
178 560 227 590 et.
313 547 380 587 secl
397 550 526 587 etiam.
570 546 710 586 Turic.
730 549 849 585 inser.
870 555 915 584 et.
992 544 1103 602 fam.
1130 562 1253 586 nosse.
1302 546 1427 588 Amb.
1446 555 1485 592 1,

35 617 145 657 Flor.
175 632 335 672 quoque
367 619 547 654 inserunt
585 631 668 654 nos,
785 625 879 653 tum.
930 612 1039 654 Flor.
1070 624 1173 653 tunc.
1291 625 1369 656 tac.
1399 623 1487 659 erit.

37 683 159 725 Amb.
192 689 229 725 1.
260 683 367 724 Flor.
399 683 489 723 Par.
520 687 557 722 1.
589 693 617 721 t.
652 697 759 734 crgo-
872 680 1099 736 plerumque
1126 707 1184 713 —
1213 683 1487 728 accedendum.

37 751 146 792 Flor.
175 751 266 792 Par.
289 756 327 791 1.
359 754 480 790 etiam
507 768 548 803 p.
581 760 708 788 ontem
727 772 784 779 ——-
803 764 841 787 α.
931 765 1005 803 quo
1027 766 1312 804 nonnunquam.
1365 751 1488 796 Amb,

41 824 78 860 1.
111 835 134 858 a
160 835 238 859 sec.
269 833 324 858 m.
357 821 478 857 etiam
508 817 613 872 quod
641 834 679 857 n.
739 816 850 856 Flor.
882 833 958 871 quo
992 833 1202 871 nunquam.
1319 838 1404 860 acc.
1435 848 1493 855 ,-

39 899 190 927 nostra.
247 886 355 927 Flor.
387 900 549 940 quoque
584 887 734 924 omittit
773 895 832 923 ut.
962 883 1206 926 credulitate.
1266 886 1335 928 Sic
1372 892 1494 929 etiam

39 953 161 994 Amb.
195 959 233 994 1.
304 952 533 994 crudelitate
570 967 732 1008 quoque
771 950 881 992 Flor.
1009 951 1193 994 stultitia.
1259 954 1329 997 Sic
1372 961 1494 998 etiam

39 1019 161 1062 Aan.
195 1026 233 1062 1.

157 1162 192 1212 §.
227 1164 266 1199 9.
326 1157 473 1212 Neque.
525 1155 647 1197 Goth.
682 1173 763 1197 nec.
879 1153 1006 1196 tameri
1034 1156 1122 1197 lzoc.
1174 1154 1297 1201 Amb.
1321 1165 1358 1200 1.
1388 1161 1499 1204 Flor.

46 1229 166 1266 etiam
186 1237 266 1265 tam
288 1243 388 1266 cum.
428 1225 520 1266 I'ar.
543 1230 581 1264 1.
602 1235 751 1263 tantum
771 1225 844 1266 his.
936 1224 1041 1280 quod
1063 1227 1144 1264 rix.
1183 1226 1310 1268 Amb.
1334 1234 1372 1270 1.
1392 1229 1501 1270 Flor-

47 1297 169 1333 etiam
201 1311 298 1348 quae
329 1311 360 1333 r.
410 1291 534 1333 Goth.
570 1292 673 1346 quod
701 1295 892 1332 rimemus.
954 1292 1113 1346 [Totus
1143 1294 1211 1334 hic
1238 1298 1350 1336 locus
1373 1302 1502 1337 multa

48 1363 287 1415 disputando
309 1362 467 1401 videtur
492 1364 613 1400 etiam
634 1362 836 1399 obscurior
856 1363 981 1400 factus
1007 1376 1089 1400 esse
1112 1377 1235 1417 quam
1258 1375 1353 1405 erat.
1398 1365 1504 1405 Mihi

49 1430 211 1484 quidem
243 1433 297 1469 sic
323 1432 582 1483 probabiliter
602 1431 759 1467 restitui
779 1444 891 1481 posse
917 1430 1099 1468 videtur:
1144 1430 1296 1486 alioqui
1317 1443 1353 1471 ct
1372 1445 1506 1473 tacem-

49 1497 141 1536 dum
172 1500 244 1536 erit
277 1514 409 1552 saepe,
452 1508 485 1535 et
516 1495 606 1535 uliis
626 1496 916 1549 subjicientibus
933 1496 1160 1552 plerumque
1177 1499 1306 1540 studio
1327 1500 1508 1556 loquendi

37 1565 157 1623 fatui
187 1564 302 1605 morlo
334 1563 616 1604 accredendum
646 1561 700 1615 (i.
721 1580 756 1603 e.
775 1579 891 1617 saepe
907 1567 950 1603 fit
968 1573 1012 1603 ut
1040 1568 1377 1617 conticescamus,
1418 1585 1508 1609 sae-

50 1636 162 1687 pius,
204 1636 398 1688 quoniam
425 1635 539 1686 loqui
570 1632 738 1686 quidem
766 1635 972 1684 cupimus,
1020 1641 1064 1671 ut
1096 1637 1360 1675 monitoribus
1387 1640 1509 1676 stulte

52 1701 301 1753 credamus):
352 1716 424 1754 qno
453 1715 727 1753 nonnunquam
758 1699 928 1749 accidit,
965 1710 1007 1738 ut
1036 1703 1077 1739 in
1111 1713 1248 1742 nostra
1282 1704 1512 1743 credulitate

53 1768 184 1809 aliena,
211 1767 381 1807 stultitia
411 1767 693 1808 erubescamus.
753 1767 891 1821 Neque
920 1778 1070 1806 tantum
1095 1769 1169 1809 Ῐιοο
1187 1773 1284 1823 ipsis
1304 1774 1513 1812 monitori-

55 1838 124 1877 bus
145 1836 338 1886 clarescit,
371 1835 423 1889 (i.
446 1851 481 1874 e.
506 1850 552 1873 ea
579 1851 621 1873 re
649 1838 909 1875 manifestum
933 1838 976 1875 fit
999 1838 1108 1891 quod
1130 1842 1394 1880 monitoribus
1418 1855 1512 1894 ege-

54 1903 161 1957 mus)
176 1902 503 1958 quiclamfaciun!
526 1913 670 1955 aperte,
694 1920 790 1956 quac
814 1906 1011 1942 rimentur.
1047 1903 1272 1945 Clarescere
1291 1911 1405 1947 nullo
1421 1911 1511 1948 loco

55 1974 278 2025 significate
308 1969 557 2025 manifestum
578 1971 678 2023 fleri
711 1974 830 2023 paulo
859 1971 1040 2023 cupidius
1067 1973 1227 2012 videtur
1256 1974 1517 2028 Spaldingius

58 2043 264 2090 statuisse,
315 2039 579 2075 inveniuntur
606 2046 709 2075 certe
744 2039 852 2090 apud
885 2040 1190 2091 lexicographos
1222 2051 1261 2081 et
1293 2045 1451 2097 antiqui
1478 2052 1517 2082 et

59 2109 300 2149 recentiores
331 2113 538 2155 auctores3
593 2105 661 2142 sed
684 2106 794 2158 quod
819 2120 891 2158 ego
917 2108 1031 2158 posui
1051 2110 1218 2147 verbum
1241 2109 1447 2149 accredere
1464 2126 1518 2149 ne

60 2178 194 2228 ipsum
224 2173 390 2228 quidem
428 2174 525 2227 alibi
558 2172 666 2224 apud
697 2169 1002 2221 Quintilianum
1030 2176 1215 2227 legitur„
1239 2180 1310 2216 etsi
1328 2179 1520 2217 idoneam

61 2243 185 2283 habet
214 2244 506 2280 auctoritatem.
576 2237 717 2293 Itaque
755 2255 838 2279 non
876 2244 1062 2293 pugnabo
1097 2247 1313 2297 quominus
1347 2249 1520 2299 simplex

65 2309 221 2350 credere
248 2311 450 2357 restituat,
514 2309 585 2361 qui
628 2310 834 2360 proprium
866 2310 1070 2362 quendam
1104 2315 1315 2365 compositi
1345 2315 1521 2352 colorem

66 2392 278 2430 agnoscere
317 2374 465 2426 nolit.]
575 2374 719 2428 judex.
773 2375 805 2415 F
808 2379 882 2415 lor.
918 2376 1136 2430 judeorum.
1252 2379 1522 2420 admoneatur.

67 2444 191 2484 Amb.
216 2450 254 2484 1.
283 2443 392 2484 Flor.
417 2458 580 2498 quoque.
603 2442 850 2483 admoneant.
922 2443 1218 2496 [Scribendum
1236 2450 1357 2500 igitur
1380 2463 1522 2488 censeo

70 2511 364 2573 adtnorzefflttzc1·.
438 2509 608 2551 Activae
648 2520 687 2550 et
723 2515 900 2564 passivae
933 2514 1085 2552 formae
1113 2519 1335 2555 sexcenties
1376 2519 1425 2555 ab
1461 2516 1523 2556 his

70 2581 239 2619 librariis
269 2578 591 2633 per111utantur.]
692 2581 880 2633 sciatque.
930 2579 1037 2621 Flor.
1071 2585 1193 2622 etiam
1221 2587 1436 2638 sciantque.

73 2663 207 2687 causa.
293 2646 418 2688 Amb.
451 2652 489 2688 1.
522 2663 543 2687 a
574 2662 654 2687 sec.
681 2662 737 2687 m.
773 2664 944 2688 causam.
