1721 2974
325 138 378 179 acl
410 138 573 191 Quintil.
605 137 735 180 Instii.
767 137 847 187 17⁹⁷,
881 144 920 179 2.
951 140 987 191 §.
1020 143 1256 180 120-—128
1438 146 1521 183 217

68 252 180 293 Jens.
211 267 305 292 cum
337 254 428 293 edd.
456 261 548 293 ante
577 251 706 294 Stoer.
740 269 808 292 nec
839 252 879 294 d.
907 269 939 292 e.
971 268 1050 290 nec.
1164 254 1265 290 inter·
1291 270 1342 294 m.
1395 253 1520 295 Amb.

72 325 111 361 1.
153 330 188 359 ct
226 324 324 359 inter
353 338 406 361 m.
540 337 656 374 neque
692 336 730 361 v.
771 338 802 361 e.
842 335 971 374 neque.
1045 317 1170 359 Goth.
1215 329 1255 359 et
1294 321 1385 361 edd.
1430 332 1522 362 ante

69 386 182 427 Sich.
218 403 346 429 meae.
390 405 458 428 ncc
484 404 520 426 υ.
554 405 586 427 c.
625 404 704 427 nec.
820 387 1075 441 exprobrari.
1134 385 1273 428 Turio.
1305 388 1413 430 Flor.
1446 406 1523 428 eac-

66 456 248 509 probari.

186 524 221 575 §.
258 528 350 564 125.
408 522 472 561 Ne
506 521 618 562 illud.
685 520 811 562 Amb.
846 527 883 563 1.
928 538 1047 577 neque
1085 521 1199 562 illud.
1323 532 1522 576 quantam.

72 588 214 644 Camp.
248 602 442 645 quantum.
555 590 714 645 affirat.
775 589 902 630 Amb.
936 595 974 630 1.
1010 589 1144 645 affiri.
1258 587 1327 628 sed
1354 599 1391 628 et
1421 592 1523 645 ipso.

70 656 211 698 Turio.
240 657 375 710 Flor.,
404 666 571 712 uterque
603 672 626 697 a
648 672 707 710 pr.
733 671 790 696 m.
823 672 915 697 omn
943 655 1059 697 AJJn.
1092 659 1221 697 omitt.
1252 667 1301 698 et.
1419 657 1526 712 quod

71 741 165 779 quo.
220 724 360 779 Camp.
395 741 469 780 quo
498 741 585 780 quo.
700 727 888 764 sanctius.
947 724 1072 764 Amb.
1094 730 1138 765 1.
1162 741 1212 764 ac
1240 719 1309 765 ss*
1386 725 1527 764 habeat

71 791 211 833 Turio.
250 792 387 844 Flor.,
436 802 604 847 uterque
641 807 664 831 a
693 807 753 844 pr.
781 807 838 832 m.
879 792 1008 834 habet.
1142 809 1292 848 quoque
1324 792 1524 848 ponderis.

71 858 254 901 Amb.1.
280 860 401 916 pond.
431 877 601 916 quoque,
632 863 795 912 optime.

187 929 225 978 §.
259 929 354 969 126.
415 931 549 982 igitur.
617 926 724 967 Edd.
756 930 847 966 ante
878 924 1034 981 Gryph.
1076 942 1163 968 exc.
1203 926 1304 968 Ald.
1342 921 1383 968 εἰ
1413 923 1526 969 Sich.

71 1009 180 1046 ergo.
295 997 337 1034 in
363 995 439 1036 hac
464 1011 600 1050 praec.
627 1005 757 1050 parte.
816 992 951 1034 Guelf.
975 1009 1109 1049 praec.
1143 999 1173 1035 i.
1194 996 1230 1036 Ῐι.
1250 1013 1290 1050 p.
1405 1000 1531 1037 omnis

72 1060 211 1101 callid.
271 1061 413 1117 Camp.
452 1079 534 1104 om.
576 1066 715 1104 omnis.
842 1078 883 1101 se
913 1079 1078 1117 usquam
1115 1074 1213 1104 cust.
1274 1061 1399 1105 Goth.
1441 1081 1528 1119 usq.

71 1146 105 1168 s.
134 1139 234 1170 cust.
288 1129 415 1171 Amb.
436 1137 476 1172 2.
507 1131 627 1172 Voss.
648 1136 687 1171 3.
719 1132 850 1170 omitt.
879 1134 1092 1185 insequens
1127 1133 1268 1184 magis.

189 1198 228 1247 §.
268 1203 363 1238 127.
430 1197 510 1238 'Sed
546 1199 634 1239 hoc.
705 1197 830 1238 Amb.
874 1204 912 1239 1.
956 1209 998 1237 at
1038 1199 1125 1239 hoc.
1190 1199 1306 1239 Alm.
1350 1198 1405 1239 ad
1440 1199 1529 1240 hoc.

76 1261 210 1303 Guelf.
238 1265 306 1304 sed
334 1265 442 1307 haec.
560 1270 889 1321 nisi—-appcn-et.
935 1264 1004 1306 Sic
1032 1265 1160 1306 Amb.
1179 1272 1218 1307 2.
1251 1264 1392 1319 Goth„
1423 1276 1532 1307 cete-

73 1334 127 1371 ris
158 1335 327 1373 omissis.
390 1333 469 1374 Pro
500 1345 688 1389 appareat
720 1337 841 1373 etiam
869 1330 997 1373 Amb.
1022 1339 1058 1374 1.
1086 1334 1177 1374 Par.
1206 1339 1244 1374 1.
1262 1340 1303 1374 2.
1326 1340 1367 1375 3.
1406 1338 1533 1389 appa'-

76 1410 148 1439 ret.
271 1401 426 1440 desinat
457 1417 524 1440 ars
557 1419 648 1442 esse.
715 1402 747 1442 F
752 1405 820 1441 lo'r.
855 1393 1012 1442 desinet*
1038 1401 1080 1457 (a
1108 1418 1168 1455 pr.
1204 1401 1278 1456 sn.)
1320 1418 1387 1441 ars
1421 1412 1530 1442 essct.

188 1484 246 1507 ex
275 1468 404 1509 laude.
464 1468 599 1510 Guelf.
632 1481 667 1508 et
697 1470 825 1510 laude.
943 1470 1118 1509 ducimus
1141 1486 1345 1509 summam.
1393 1469 1532 1510 Turio.

77 1535 218 1589 (etiam
245 1553 396 1577 summa
424 1537 653 1592 exhibens).
684 1538 794 1578 Flor.
818 1535 934 1578 Alm.
964 1537 1091 1578 Amb.
1123 1544 1160 1578 2.
1192 1537 1358 1576 dicimus
1384 1554 1418 1578 s.

76 1603 145 1643 Ita
171 1621 280 1659 quac.
343 1605 481 1645 Turio.
522 1604 656 1647 Guelf.
698 1606 824 1646 Amb.
857 1613 895 1646 2.
925 1606 1042 1646 Voss.
1066 1610 1104 1646 3.
1144 1605 1254 1646 Jens.
1289 1603 1390 1645 Loc.
1420 1604 1533 1647 Ven.

76 1673 230 1727 itaque,
264 1688 357 1713 cum
385 1673 508 1724 Ald.‚
540 1689 642 1728 quae
673 1675 784 1714 addit
812 1691 911 1714 cum.

191 1743 226 1793 §.
260 1746 355 1782 128.
417 1741 489 1780 Est
519 1752 568 1781 ct.
588 1743 776 1797 quaedam
807 1759 840 1783 r.
896 1741 1022 1782 Aan.
1050 1747 1086 1781 1.
1116 1740 1224 1781 Flor.
1261 1755 1283 1779 a
1309 1755 1366 1780 ΠΙ.
1398 1756 1459 1794 pr.
1492 1739 1536 1797 (a

76 1823 155 1848 sec.
194 1819 250 1847 cst
280 1809 474 1863 quaedam
508 1810 641 1863 aziam)
676 1810 767 1850 I‘ar.
794 1817 831 1851 1.
854 1816 892 1850 2.
917 1816 955 1850 5.
983 1813 1113 1850 omitt.
1154 1819 1204 1849 ct.
1234 1806 1537 1863 ’ἕπιόιήγη-

79 1889 175 1923 σις.
205 1876 313 1916 Flor.
343 1892 366 1915 a
390 1893 450 1929 pr.
469 1892 524 1916 m.
561 1877 686 1918 Amb.
706 1885 746 1919 2.
780 1882 901 1918 etiam
932 1878 1148 1918 ἔπίθεσι
1162 1892 1194 1924 ς.
1312 1893 1392 1915 esse
1414 1877 1538 1918 debet.

81 1942 206 1983 Goth.
237 1940 380 1996 Camp.
414 1953 452 1983 et
478 1946 567 1984 edd.
597 1955 688 1984 ante
720 1944 877 2000 Gryph.
911 1947 1095 1985 ordinem
1122 1953 1290 1984 mutant.
1377 1946 1533 1999 fusius'.

79 2011 223 2065 Camp.
240 2011 465 2066 fusiusque.
589 2023 734 2066 posset.
788 2013 930 2052 Etiam
966 2012 1074 2052 Flor.
1115 2021 1154 2050 et
1183 2011 1274 2051 Par.
1312 2017 1349 2052 1.
1387 2015 1538 2066 possit,

80 2083 173 2120 fort.
205 2080 331 2120 Amb.
355 2085 391 2119 1.
420 2094 495 2118 nec
530 2082 712 2133 imelligo
741 2096 812 2120 cur
839 2081 1030 2121 Praesens
1062 2079 1300 2132 Spaldingio
1328 2079 1428 2118 adeo
1455 2081 1541 2119 dis-

79 2151 278 2202 plicuerit.
395 2147 446 2185 Id
475 2164 553 2185 csse
579 2164 686 2187 raro.
744 2147 850 2188 Flor.
887 2147 1011 2187 Amb.
1031 2153 1070 2187 2.
1098 2147 1188 2187 Par.
1213 2152 1249 2186 1.
1271 2152 1310 2186 2.
1332 2151 1370 2187 3.
1413 2145 1449 2187 I.
1483 2158 1539 2186 est

82 2234 118 2257 r.
179 2215 305 2256 Amb.
343 2220 382 2255 1.
422 2213 459 2254 Ῑ.
496 2218 596 2253 enim
625 2232 657 2255 r.
717 2214 817 2254 Ald.
856 2215 968 2256 Sich.
1015 2214 1115 2253 idem
1154 2230 1259 2252 raro.
1323 2212 1457 2254 Colin.
1496 2214 1539 2253 id

80 2295 211 2324 tamen
242 2300 274 2323 r.
393 2282 542 2336 judico.
598 2281 706 2322 Flor.
748 2299 910 2338 quoque
933 2282 1103 2337 judicio.
1229 2297 1347 2335 neque
1377 2283 1436 2320 sic
1465 2298 1540 2320 un-

82 2368 208 2407 quam.
267 2349 378 2391 Jens.
413 2349 513 2390 Loc.
543 2350 652 2390 Ven.
693 2368 761 2390 nec
791 2354 849 2390 sic
879 2368 966 2405 unq.
1021 2349 1147 2390 Amb.
1172 2355 1210 2390 2.
1273 2351 1325 2387 sit
1355 2365 1536 2403 unquam.

81 2418 201 2460 Voss.
225 2424 264 2459 3.
295 2417 418 2458 Bern.
439 2420 501 2472 fit
534 2435 623 2471 unq.
739 2415 1095 2472 ἕπιόιηγήσει.
1160 2417 1299 2469 Gamp.
1331 2413 1540 2469 ἕπ-ιόιη-

83 2500 228 2539 γησι,
276 2489 514 2538 transposito
554 2488 624 2525 uti.
756 2486 871 2525 volet.
929 2485 1052 2525 Amb.
1096 2491 1132 2525 2.
1167 2484 1286 2524 Voss.
1316 2488 1355 2524 3.
1396 2484 1539 2538 (etiam

85 2562 205 2593 antea
241 2557 305 2594 cui
332 2568 404 2606 pto
447 2556 514 2608 qui
545 2554 707 2606 dantes)
747 2552 866 2593 Voss.
904 2558 938 2592 1.
979 2551 1111 2591 nollet.
1171 2551 1386 2600 Pithoeus,
1425 2550 1539 2591 Jens.

88 2620 203 2661 nolet.
318 2621 404 2661 loco
432 2638 525 2662 rem.
582 2621 650 2662 Sic
681 2625 802 2660 etiam
831 2620 956 2660 Amb.
983 2625 1019 2660 1.
1058 2617 1148 2660 I‘ar.
1171 2624 1208 2659 1.
1323 2629 1538 2659 contentus.
