1721 2974
197 162 277 198 330
640 153 913 209 Supplcmenia
957 156 1218 194 annotationis

195 267 330 309 Guelf.
362 266 463 308 ideo.
579 266 667 306 Nae
696 265 769 305 illi.
827 263 952 305 Amb.
986 271 1023 306 1.
1063 265 1171 306 Flor.
1201 282 1362 322 quoque
1391 284 1437 306 ne
1462 267 1546 308 ulli.

184 336 328 393 fitceti.
373 334 500 376 Amb.
528 340 565 374 1.
598 334 705 374 Flor.
737 348 759 372 a
788 348 848 386 pr.
877 349 933 374 111.
965 337 1085 374 etiam
1101 334 1225 389 facti.
1310 334 1459 375 molles.
1506 334 1631 374 Amb.

196 409 234 443 1.
266 402 371 442 Flor.
404 405 524 441 etiam
552 400 720 440 mollius.
840 400 956 453 Quod
985 404 1157 442 convenit
1187 426 1242 432 -
1276 400 1468 456 Virgilio.
1525 400 1632 442 Flor.

195 474 315 510 etiam
343 473 434 525 quia
459 493 514 500 -—-
544 467 597 506 ΖΓ.
1271 493 1278 510 χ

306 539 342 590 §.
376 542 443 578 21.
501 550 592 574 vero
617 550 704 575 acc.
761 534 868 575 Flor.
899 538 1018 575 inser.
1049 535 1104 576 icl.
1223 547 1257 576 et
1279 539 1382 592 fing.
1440 534 1565 577 Amb.
1595 540 1635 575 1.

191 604 300 645 Flor.
342 608 464 644 etiam
503 603 635 658 effing.
703 601 859 654 [Nam‚
909 618 987 657 quo
1027 604 1128 657 quid
1155 606 1273 644 faciat
1301 603 1441 658 Spald.
1468 619 1509 644 se
1540 604 1637 643 dicit

191 687 276 712 non
301 672 470 722 habere,
513 685 558 708 eo
589 672 787 722 pertinere
817 671 998 721 videtur,
1048 671 1155 724 quod
1183 673 1304 712 modo
1335 669 1480 723 Quint.
1511 685 1638 723 gene-

191 743 316 779 ralem
345 740 450 777 illius
479 739 587 777 vocis
617 740 701 777 vim
729 740 884 790 posuit,
926 738 977 776 ad
1005 737 1115 778 huuc
1144 741 1278 791 ipsum
1306 743 1442 779 locum
1465 739 1514 777 de
1536 738 1638 790 ridi-

191 810 289 847 culis
322 807 456 845 minus
492 805 800 858 pertinentem]
913 805 1135 846 Dicacitas.
1191 805 1318 847 Amb.
1349 811 1388 847 1.
1431 805 1639 845 dictaei-m-

190 874 328 914 Turic.
353 888 375 911 a
391 888 451 925 pr.
471 888 526 912 m.
548 872 747 912 dicatitas.
837 875 983 925 generi.
1021 872 1054 912 F
1058 876 1131 913 lor.
1147 871 1282 913 Guelf.
1303 889 1453 927 genere.
1530 888 1639 915 com-

189 960 314 983 mune.
348 941 487 982 Turio.
510 938 646 981 Guelf.
669 943 872 980 communi.
955 944 1129 995 proprie,
1161 940 1269 982 Flor.
1295 952 1466 995 propter.
1553 941 1640 979 De—

189 1011 432 1050 mosthenem.
461 1008 589 1049 Amb.
615 1013 652 1048 1.
676 1007 954 1048 demosthenem
1041 1008 1245 1049 urbanum.
1289 1006 1421 1048 Guelf.
1442 1007 1636 1065 facetum.

303 1080 337 1130 ᾧ.
367 1083 437 1118 22.
495 1077 592 1115 haec
628 1086 724 1116 τοτα.
784 1074 910 1116 Goth.
940 1087 969 1115 t.
1000 1076 1040 1117 h.
1162 1075 1251 1129 περὶ
1281 1075 1451 1129 γελοίου.
1490 1071 1636 1115 'Amb.

191 1152 230 1186 1.
263 1149 383 1185 etiam
411 1159 500 1199 περι
530 1147 740 1184 οελοιουιν.
850 1142 947 1196 Ejus
972 1147 1121 1197 prima.
1168 1141 1280 1184 Flor.
1314 1157 1473 1196 quoque
1502 1145 1639 1181 etenim

190 1230 394 1268 suprema,
433 1228 456 1252 a
478 1228 554 1254 sec.
575 1227 631 1250 m.
664 1213 800 1250 etenim
827 1214 974 1265 prima.
1087 1212 1139 1249 sit
1164 1226 1248 1263 pos.
1303 1208 1429 1251 Amb.
1455 1215 1493 1251 1.
1523 1226 1547 1250 a
1575 1226 1636 1264 pr.

189 1298 245 1323 m.
275 1285 395 1321 inser.
427 1283 475 1321 si.
535 1278 659 1320 Goth.
693 1279 827 1329 adjicit
858 1288 937 1318 aut.

301 1353 335 1402 ξ.
366 1354 433 1389 23.
494 1347 573 1388 reb.
603 1346 704 1388 med.
758 1345 865 1386 Flor.
900 1345 1040 1398 Camp.
1071 1362 1123 1385 m.
1157 1361 1189 1385 r.
1302 1344 1467 1386 Aliena.
1510 1343 1638 1387 Amb.

192 1423 229 1458 1.
261 1433 283 1456 a
311 1433 371 1470 pr.
395 1432 451 1457 m.
483 1415 621 1456 Turio.
651 1415 760 1455 Flor-
794 1412 935 1466 Camp.
967 1415 1007 1451 in
1036 1413 1180 1453 aliena.

303 1487 338 1536 ᾗ.
371 1486 438 1525 24.
497 1486 717 1537 celerisque.
761 1479 889 1521 Amb.
915 1485 953 1521 1.
984 1478 1092 1520 Flor.
1118 1483 1311 1520 omittunt
1331 1497 1412 1536 que.
1495 1480 1638 1521 media.

188 1552 328 1593 Turio.
359 1567 383 1591 a
414 1567 474 1605 pr.
502 1567 557 1591 m.
589 1549 718 1589 melia.
770 1548 886 1590 Flor.
919 1564 942 1587 a
971 1563 1030 1601 pr.
1052 1563 1108 1588 m.
1141 1551 1302 1588 omittit.

303 1624 338 1672 ς.
370 1623 439 1659 25.
501 1617 666 1658 Coelius.
717 1615 842 1656 Amb.
871 1621 909 1656 1.
950 1614 1058 1656 Flor.
1098 1619 1220 1654 etiam
1258 1614 1455 1656 caecilius.
1571 1627 1641 1656 aut

176 1688 271 1746 fac.
303 1697 367 1726 aut
399 1686 478 1726 (lic.
536 1684 604 1724 Sic
644 1687 766 1723 etiam
802 1682 913 1723 Flor.
1028 1682 1208 1722 curulem.
1257 1681 1395 1723 Turio.
1439 1698 1462 1722 a
1489 1699 1549 1736 pr.
1580 1700 1638 1725 m.

191 1755 364 1797 curilcm.
415 1752 549 1794 Guelf.
578 1751 779 1791 currulem.
860 1752 1013 1806 flagris
1043 1748 1257 1803 aliquando
1287 1765 1388 1789 caes.
1428 1748 1497 1790 Sic
1519 1754 1640 1791 etiam

189 1824 299 1865 Flor.
414 1833 454 1860 ut
484 1823 533 1860 in.
593 1819 733 1872 Camp.
776 1821 926 1858 omittit
963 1829 1027 1867 ut,
1078 1815 1201 1874 Ambq.
1235 1822 1273 1855 1.
1306 1819 1360 1856 in.
1472 1819 1639 1872 pyxide.

188 1891 314 1933 Amb.
337 1896 374 1930 1.
405 1888 439 1930 F
441 1893 515 1929 lor.
547 1903 708 1943 quoque
735 1886 900 1940 puoeicle.
1002 1884 1117 1939 quod.
1166 1882 1306 1922 Turio.
1334 1898 1432 1937 apr.
1452 1900 1508 1925 m.
1530 1883 1564 1924 F
1565 1889 1640 1925 lor.

191 1977 280 2015 quo.
395 1958 558 1998 oratori.
619 1955 744 1994 Amb.
779 1958 817 1994 1.
862 1955 1028 1993 aratori.
1151 1953 1239 1991 viro
1276 1968 1340 2004 gr.
1411 1951 1480 1993 Sic
1517 1956 1642 1993 etiam

188 2027 341 2147 Flor.&
372 2098 438 2135 26.
496 2091 544 2131 de
572 2090 694 2131 vultu.
752 2088 820 2130 Sic
859 2091 981 2128 etiam
1022 2085 1135 2127 Sich.
1209 2085 1278 2125 secl
1304 2085 1412 2125 vultu
1439 2084 1566 2128 Amb.
1600 2093 1639 2129 1',

190 2163 300 2205 Flor.
416 2161 521 2215 quib.
548 2170 602 2198 esi
633 2157 739 2213 quicl.
796 2156 906 2197 Flor.
945 2154 1083 2207 Camp.
1113 2156 1305 2193 omittunt
1332 2163 1399 2194 est.
1512 2158 1642 2208 major
1714 2170 1715 2210 j

192 2249 289 2272 cum.
346 2229 456 2270 Flor.
499 2231 621 2268 etiam
658 2228 786 2280 major
823 2240 918 2264 eum.
1040 2221 1231 2262 videntur.
1288 2220 1414 2262 A-mb.
1447 2227 1485 2261 1.
1527 2221 1638 2264 Flor.

193 2314 354 2355 quoque
384 2296 550 2336 videtur.
656 2303 712 2332 est
741 2293 801 2332 his
829 2315 886 2323 --
913 2289 1108 2330 insulsius,
1159 2288 1227 2330 Sic
1259 2292 1380 2329 etiam
1407 2287 1441 2328 F
1443 2291 1516 2328 lor.
1545 2288 1639 2330 Par.
1712 2287 1714 2314 ἶ

195 2373 234 2407 1.
271 2373 293 2396 0
366 2363 426 2405 At
453 2363 579 2404 Amb.
615 2366 653 2401 1.
694 2371 750 2400 cst
787 2360 848 2399 his
886 2359 941 2412 (a
969 2373 1048 2397 sec.
1078 2373 1133 2397 m.
1175 2367 1231 2396 est
1259 2356 1316 2410 is)
1358 2372 1457 2410 quae
1485 2355 1642 2396 -clicenti
1712 2371 1713 2426 2

269 2397 308 2408 u·

194 2434 304 2473 salsa
331 2433 506 2471 (licentur
535 2429 724 2470 insullius.
780 2426 892 2468 Sich.
923 2441 977 2465 cx
1008 2425 1067 2464 his
1098 2441 1194 2479 quae
1223 2424 1353 2463 dicunt
1384 2440 1417 2463 3.
1451 2423 1584 2463 dicunt
1611 2426 1638 2464 i.

278 2502 405 2541 dictis·-
463 2498 588 2539 Amb.
621 2503 658 2538 1.
700 2496 876 2536 dicentis.
989 2492 1094 2547 quod
1132 2494 1210 2547 qui.
1267 2490 1334 2531 Sic
1365 2494 1485 2530 etiam
1512 2489 1640 2532 Amb.

200 2575 238 2607 1.
353 2568 430 2608 dic.
470 2584 557 2607 non.
616 2565 740 2605 Amb.
779 2569 817 2603 1.
856 2577 1014 2617 quoque
1053 2564 1171 2600 inser.
1213 2558 1297 2599 illa.
1355 2556 1464 2598 Flor.
1496 2557 1641 2598 dicitur

199 2635 272 2674 illa
301 2653 384 2676 non.
501 2635 725 2674 inurbanus.
783 2630 908 2672 Amb.
933 2635 971 2670 1.
1003 2645 1026 2670 a
1057 2645 1115 2683 pr.
1144 2643 1199 2667 m.
1231 2625 1340 2667 Flor.
1374 2629 1493 2666 etiam
1522 2625 1642 2666 urbo»
