1721 2974
427 169 481 210 acl
513 168 677 223 Quintil.
708 169 840 209 Instit.
871 166 954 218 ῙῙῙ,
987 172 1027 209 7.
1059 172 1324 222 §.10—20.
1525 179 1607 222 147

255 286 293 337 §.
328 289 394 326 16.
453 282 574 329 solus.
632 283 720 324 sola
750 282 887 325 Guelf.
975 299 1109 340 snpra.
1169 295 1327 341 praeter
1357 284 1482 330 Goth,
1505 306 1602 346 apr,

141 368 198 393 m.
263 352 500 409 [Spalding.
542 352 592 390 ad
629 356 804 405 priorem
844 360 984 391 notam
1025 359 1180 404 exeget.
1221 355 1394 394 conferri
1440 360 1603 408 jubebat

142 419 287 462 Senec.
320 423 433 473 epist.
467 426 520 460 22
551 436 637 458 cum
667 422 782 458 rebus
815 423 907 472 ipsis
940 420 1247 458 deliberandum
1277 423 1369 476 est.]

257 490 295 539 §.
330 493 396 529 17.
443 490 571 543 finem
596 487 698 527 lzom.
756 488 956 542 hormfin.
990 486 1126 528 Guelf'.
1170 489 1255 541 [De
1277 505 1353 530 usu
1373 496 1480 533 vocis
1499 497 1603 549 finis

140 573 212 611 pro
243 560 323 596 fine
354 559 460 596 vitae
493 572 525 595 s.
557 564 709 606 morte,
751 570 772 594 a
804 559 1060 608 scriptoribus
1093 560 1228 596 aetatis
1268 573 1410 598 aureae
1443 564 1600 613 alieno,

141 624 401 678 Spaldingius
421 625 595 664 conferri
614 625 776 674 jubebat
797 621 1096 663 Ruhnkenium
1115 625 1164 663 ad
1184 623 1332 677 Vellej.
1353 625 1406 676 Π,
1432 634 1524 681 123,
1540 633 1600 685 3.]

142 710 251 733 rara.
293 710 386 733 raro
421 691 561 745 Camp.
680 702 720 730 ut
751 691 906 747 referri.
968 703 1010 730 ut.
1040 704 1129 748 tupe
1156 692 1230 748 ref.
1262 692 1351 734 Par.
1377 701 1414 736 1.
1465 697 1601 740 Etiam

139 759 248 802 Flor.
278 764 418 800 inserit
449 760 622 814 aliquid,
653 759 763 816 quod
789 774 811 797 a
843 762 1075 799 conferente
1106 771 1216 814 turpe
1242 764 1497 805 intellectum
1528 777 1600 809 est.

246 830 410 870 honores
428 839 463 867 ct
484 828 655 867 decreta.
715 827 875 866 honoris
899 838 933 866 ct
955 827 1105 867 decr-ete
1132 826 1269 870 Turio.
1292 845 1314 869 3
1331 847 1392 885 pr.
1414 848 1470 873 m.
1531 835 1600 875 cle-

139 909 270 938 cretae
307 897 434 939 Aan.
465 901 503 937 1.
536 911 559 935 3
583 911 662 936 sec.
689 910 745 934 m.
861 906 902 934 ut
936 895 1104 950 publice.
1177 908 1213 936 et
1243 899 1352 952 publ.
1391 899 1519 943 Δῃὼ.
1559 908 1598 945 1,

140 965 282 1019 Camp.
394 965 578 1020 publicae
608 961 732 1004 Goth.
765 961 905 1016 Camp.
937 963 1046 1004 Jens.
1072 973 1112 1004 et
1127 975 1293 1019 posterr.
1315 977 1405 1008 ante
1428 968 1599 1025 Cervic„

137 1049 226 1074 exc.
258 1033 381 1075 Tarv.

253 1104 286 1156 ξ.
322 1107 388 1142 18.
449 1101 557 1140 Inter
585 1117 683 1155 quae
717 1116 820 1139 num.
869 1099 1050 1153 Interque
1077 1117 1181 1141 num.
1229 1100 1368 1143 Turio.
1401 1119 1423 1143 a
1449 1120 1510 1159 pr.
1541 1123 1600 1150 m,

136 1168 248 1211 Ven.
308 1170 417 1209 Inter
446 1185 545 1224 quae
570 1183 790 1207 enumerav.
825 1165 948 1208 Goth.
980 1166 1090 1207 Jens.
1122 1177 1161 1207 et
1181 1172 1325 1225 reliqui
1356 1182 1447 1212 ante
1469 1173 1600 1218 Stoer.

232 1254 401 1277 monum.
465 1240 623 1277 monim.
652 1235 792 1276 Turio.
817 1251 839 1275 a
860 1251 937 1275 sec.
957 1250 1013 1274 m.
1047 1250 1140 1274 cum
1167 1236 1268 1277 Ald.
1367 1241 1541 1295 quidam.

137 1305 330 1359 quaedam
362 1303 499 1345 Guelf.
613 1306 797 1357 justiora.
850 1305 1063 1357 justia-iona
1092 1302 1201 1345 Flor.
1236 1321 1257 1345 a
1284 1323 1344 1360 pr.
1365 1323 1421 1349 m,
1476 1313 1600 1364 justi..

135 1376 280 1412 tiomtm
318 1373 456 1413 Turio.
583 1383 673 1411 sunt
702 1374 909 1411 consecuti.
975 1387 1080 1410 cons.
1110 1383 1198 1410 sunt
1239 1373 1378 1428 Camp,
1495 1391 1600 1419 artes

136 1443 216 1480 inv.
273 1443 352 1480 inv.
387 1452 465 1481 art.
499 1439 640 1493 Camp.
758 1449 801 1477 ut
828 1455 851 1477 α
873 1438 1022 1478 Numa.
1074 1441 1130 1477 nti
1155 1456 1179 1478 α
1211 1440 1266 1480 Ν.
1296 1440 1424 1484 Aan.
1448 1451 1486 1486 1.

135 1507 262 1549 colere
281 1526 307 1548 α
329 1508 445 1548 Publ.
483 1506 544 1548 Ita
574 1512 696 1548 etiam
723 1506 834 1548 Flor.
862 1505 990 1546 Amb.
1016 1511 1052 1547 1.
1077 1513 1117 1548 2.
1145 1506 1237 1549 Par.
1260 1514 1297 1550 1.
1319 1516 1360 1552 2.
1383 1516 1422 1554 5.
1457 1512 1598 1570 Camp.

252 1576 474 1616 Publicola.
531 1575 735 1631 poplicola
763 1574 899 1615 Turic-
930 1573 1038 1615 Flor.
1067 1574 1194 1616 Aan.
1223 1583 1263 1617 2.

249 1647 283 1699 ᾗ.
319 1650 385 1685 19.
446 1655 596 1683 tantum
628 1647 668 1683 in
701 1644 782 1684 cliv.
824 1654 952 1683 tamen
984 1646 1024 1682 in
1061 1643 1142 1685 div,
1187 1643 1322 1687 Guelfi
1366 1664 1459 1690 cum
1495 1649 1596 1693 Ajd·

135 1711 290 1753 Cervic.
324 1711 436 1753 Sich.
471 1711 602 1754 Colin.
624 1711 780 1766 Gryph.
869 1711 1059 1750 traditum
1080 1723 1149 1752 est.
1212 1714 1388 1754 traditur
1407 1734 1439 1757 e.
1473 1722 1596 1760 etiam

133 1779 263 1821 Amb.
290 1786 331 1822 2.
422 1791 455 1818 ct
486 1783 676 1834 corporis.
741 1783 859 1819 etiarn
890 1796 997 1833 corp.
1032 1778 1173 1834 Camp.
1262 1799 1311 1822 ac
1326 1783 1538 1840 fortunae.

136 1859 250 1903 atque
271 1848 375 1904 acf
399 1847 537 1888 Turio.
568 1842 676 1889 Fl¹or.
739 1859 852 1903 atque
870 1848 957 1904 etf
987 1846 1103 1888 Alm.
1158 1853 1325 1906 atquef.
1358 1851 1500 1908 Camp,
1560 1867 1596 1895 et

122 1916 233 1973 fort.
262 1914 385 1956 Goth.
418 1932 512 1956 cum
542 1916 652 1956 Jens.
677 1925 716 1956 et
737 1925 901 1969 posterr.
935 1925 1027 1955 ante
1058 1915 1187 1958 Stoer.
1304 1931 1347 1958 ut
1373 1922 1594 1965 Thersitae.

190 1986 292 2023 sicut
314 1984 392 2023 le.
425 1986 547 2022 etiam
575 1983 682 2023 Flor.
714 1982 838 2024 Amb.
857 1989 893 2024 1.
927 1982 1068 2037 Camp.
1159 1996 1275 2040 atque
1295 1987 1378 2028 Iro.
1441 2002 1481 2029 at
1501 2007 1593 2032 vero

132 2051 242 2092 Flor.
274 2066 297 2091 3
329 2067 407 2092 sec.
432 2066 486 2090 m.
521 2050 648 2090 Amb.
670 2056 711 2092 2.
751 2051 843 2091 Par.
876 2056 913 2091 1.
938 2057 977 2092 2.
1008 2057 1044 2091 3.
1072 2057 1110 2092 5.
1170 2057 1279 2108 atqui
1292 2055 1415 2111 fuere
1449 2056 1590 2112 Camp,

193 2131 309 2174 atque
337 2135 428 2159 vero
467 2121 564 2158 sicr-e
592 2118 699 2158 Flor.
725 2133 746 2156 a
766 2134 825 2171 pr.
848 2134 904 2159 ln.
976 2119 1194 2173 adquisiere
1221 2119 1345 2163 Amb.
1364 2130 1401 2164 1.
1503 2143 1595 2166 cor-

136 2200 251 2242 rupta
283 2186 426 2227 odium.
481 2186 621 2240 Camp.
653 2190 792 2226 inserit
821 2204 938 2241 quere,
977 2195 1025 2225 ut
1058 2192 1279 2227 sententiae
1312 2206 1447 2231 sensus
1484 2196 1594 2234 ines-

133 2267 207 2297 set.
325 2256 464 2295 Nirea.
527 2255 659 2295 Nerea
699 2255 836 2295 Turio.
867 2253 975 2294 Flor.
1007 2253 1134 2294 Amb.
1159 2261 1196 2296 1.
1227 2271 1343 2297 asec.
1366 2275 1420 2299 m.
1454 2259 1589 2304 Guelf,

137 2325 279 2378 Camp.
310 2324 421 2365 Jens.
452 2323 572 2363 Tarv.
688 2322 934 2362 Plisthenem.
994 2321 1213 2376 plisllzenen
1242 2323 1368 2365 Amb.
1392 2331 1430 2367 1.
1496 2329 1590 2383 phi-

134 2405 276 2433 stenem
305 2392 443 2432 Turio.
474 2391 580 2431 Flor.
613 2390 753 2445 Camp.
805 2390 1059 2444 [Clisthenem
1090 2391 1130 2430 h.
1153 2393 1182 2431 1.
1210 2394 1291 2445 legi
1319 2396 1449 2434 voluit
1469 2399 1589 2436 etiam

133 2460 393 2501 Casaubonus
425 2461 531 2513 apud
568 2459 691 2499 Dion.
740 2458 942 2512 Chrysost.
981 2473 1020 2511 p.
1052 2462 1155 2510 3253
1198 2461 1247 2499 cf,
1290 2459 1586 2516 ἏΤΥῒῑρῃὶῃρὴ,

137 2529 189 2567 ad
215 2527 421 2569 Plutarch.
454 2529 501 2567 de
532 2526 575 2567 S.
597 2527 646 2568 N.
670 2527 725 2567 V.
758 2543 798 2581 p.
831 2528 897 2567 45.
928 2525 1099 2579 Spald.]

195 2611 198 2613 ·
251 2597 283 2649 ξ.
311 2601 378 2635 20.
421 2595 475 2634 Et
497 2598 632 2636 animi.
691 2606 731 2634 ut
751 2611 819 2635 an.
851 2594 989 2635 Turio.
1079 2594 1245 2648 adjecta.
1299 2597 1449 2651 objecta
1474 2598 1584 2639 Jeixs.

137 2671 177 2704 et
205 2672 370 2717 posterr.
403 2672 496 2704 ante
528 2663 664 2716 Sich.‚
706 2679 793 2704 exc.
833 2661 934 2704 Ald.
1052 2663 1283 2717 quibusdam
1313 2680 1392 2705 0111.
1447 2666 1583 2707 Turio.

1028 2729 1073 2771 K
1103 2737 1129 2772 2
