1721 2974
166 161 220 198 80
603 153 875 209 Supplementa
903 156 1167 195 annotationis

163 270 399 322 astipulatur
435 266 571 309 Turio.
624 269 824 310 civitatum
861 265 966 306 Flor.
1007 264 1126 310 Goth.
1168 266 1302 311 Guelf.
1347 267 1470 311 Paris.
1502 277 1536 311 1.
1566 277 1604 311 2.

163 336 301 390 Camp.
333 344 374 375 et
402 338 578 391 reIIquae
612 335 701 375 edd.
756 332 815 373 Cf.
843 331 1051 387 Spalding.
1080 336 1131 374 ad
1158 333 1209 384 Π,
1243 341 1310 384 16,
1334 337 1376 378 4.

275 416 309 464 §.
341 415 408 455 34.
465 413 519 454 acl
549 412 783 458 religionem.
834 413 875 450 ἰη
914 409 1023 466 relig.
1060 413 1167 454 Jens.
1206 414 1328 455 Tarv.
1367 413 1467 456 Loo.
1496 414 1602 456 Ven,

158 482 263 524 Bad.
294 481 431 533 cerv„
469 496 562 522 cum
591 480 707 519 Voss.
727 484 762 518 2.

273 563 304 616 ξ.
337 566 402 602 35.
464 558 509 600 Ρ.
542 556 680 599 Clodii.
730 555 775 597 P.
808 554 949 598 Clodio
977 557 1103 598 Amb.
1127 564 1163 599 1.
1196 561 1330 600 Guelf.
1355 558 1517 613 Camp.;
1550 575 1602 600 ex

155 631 219 670 his
249 631 413 668 ultimus
444 629 563 667 etiam
595 626 796 677 rogatione
823 624 956 666 habet.
1070 629 1372 667 intercessiones.
1419 630 1603 667 interces-

155 701 300 736 sionem
333 695 458 734 Amb.
491 699 525 733 1.
563 692 678 732 X'OSS·
710 698 747 731 1.
861 692 955 749 quicl
992 692 1094 747 quod
1132 692 1326 746 legitimis,
1378 693 1450 734 Sio
1478 694 1602 739 Paris,

159 771 195 806 1.
215 771 251 805 2.
314 761 507 817 Quicquid
533 762 654 799 etiam
684 758 846 813 Camp.;
890 758 1072 813 legitimis
1103 762 1327 802 defendunt
1353 762 1462 803 Jeuz.
1480 762 1601 803 Tarv.

149 831 259 873 Ven.
296 829 393 870 Ald.
434 828 558 878 Obr.,
611 830 700 867 sort.
740 826 878 881 Camp.
923 826 1026 867 Flor.
1065 827 1273 878 An1b.1„
1321 834 1392 885 qui
1420 834 1601 873 silentur,

150 899 235 939 Ῐαια
263 914 342 937 csse
370 894 570 952 velfiwi.
628 911 708 933 csse
737 898 865 934 omitt.
898 894 999 936 Obr.
1029 897 1120 937 fort.
1147 895 1406 950 Argentorat.
1425 909 1599 952 secutus,

150 983 244 1009 cum
271 964 430 1016 Turic.;
473 964 543 1003 sed
569 961 696 1003 Amb.
720 967 756 1003 1.
786 965 943 1003 retinet.

261 1047 292 1098 ξ.
322 1049 388 1085 26.
446 1059 535 1095 εαες
584 1045 640 1082 ita
671 1044 795 1082 etiam
821 1039 947 1081 Aan.
968 1046 1006 1081 2.
1045 1041 1141 1081 hacc
1172 1044 1296 1082 etiam
1322 1042 1429 1084 Flor.
1459 1043 1598 1098 Camp.

143 1111 268 1153 Amb.
300 1116 336 1151 1.
380 1126 403 1151 a
442 1127 516 1150 sec.
557 1125 612 1149 m.
654 1109 777 1164 (quid
814 1111 924 1162 prius
960 1111 1106 1160 fuerit,
1156 1123 1242 1148 non
1271 1111 1459 1166 affertur)
1488 1112 1597 1154 Jens.

143 1180 264 1220 Tarv,
287 1178 382 1219 Loc.
403 1178 510 1219 Ven.
623 1176 843 1230 hujusmodi
873 1179 1111 1216 certaminis.
1159 1188 1251 1216 cert.
1276 1177 1440 1232 hujusm.
1459 1178 1596 1233 Camp.

144 1258 183 1288 et
213 1251 298 1288 rell.
330 1262 467 1286 omnes
496 1252 588 1284 ante
611 1243 753 1293 Gesu„
794 1247 864 1298 qui
884 1247 1027 1283 'tacitus
1047 1247 1241 1293 mutavit,
1284 1261 1306 1284 e
1333 1244 1453 1286 Goth.
1484 1247 1597 1287 haud

143 1318 263 1356 dubie
296 1315 369 1369 (cf.
398 1314 567 1354 Praefat.
598 1315 679 1363 ejus
712 1314 742 1365 ξ.
767 1317 817 1351 21
833 1309 860 1366 J.
919 1309 1026 1351 Rell.
1058 1310 1183 1352 Codd.
1214 1316 1395 1353 silentur.

256 1395 293 1445 §.
326 1397 392 1433 37.
451 1403 506 1430 cst
536 1402 601 1431 aut
631 1393 670 1429 in
701 1390 823 1430 rebus.
873 1406 911 1429 α.
943 1392 969 1429 i.
1000 1406 1031 1428 r.
1063 1400 1119 1428 cst
1155 1390 1290 1430 Turic-
1328 1391 1436 1432 Flor.
1465 1390 1593 1434 Amb.

143 1469 180 1504 1.
220 1460 342 1503 Goth.
381 1458 515 1500 Guelf.
553 1459 671 1498 Voss.
697 1464 732 1498 2.
771 1457 879 1498 Jens.
920 1465 960 1496 et
999 1467 1163 1510 posierr.
1200 1467 1294 1497 aute
1324 1456 1479 1512 Gryph.
1538 1472 1595 1500 est

141 1547 219 1571 om.
250 1529 389 1581 Camp.
502 1527 573 1565 An
601 1528 710 1565 satis.
757 1525 828 1564 An
857 1527 986 1565 omitt.
1012 1523 1135 1565 Amb.
1159 1530 1198 1566 2.
1230 1540 1325 1564 cum
1353 1525 1469 1566 Voss.
1496 1532 1531 1568 1.
1553 1534 1593 1570 3.

220 1599 347 1636 iniis.
401 1593 464 1634 Ita
507 1597 629 1633 etiam
669 1592 805 1632 Turio.
843 1590 969 1631 Aan.
1000 1598 1038 1632 2.
1152 1595 1193 1631 in
1226 1595 1490 1646 praeteritum.
1549 1600 1593 1636 in

134 1663 320 1720 populum
359 1678 412 1703 ex
451 1662 611 1701 emend.
651 1658 871 1700 Camerarii
908 1669 1146 1713 receperunt
1185 1659 1314 1701 Coliu.
1353 1670 1393 1701 et
1428 1672 1593 1714 posterr.

138 1742 230 1772 aute
261 1730 378 1771 Gesn.
436 1731 690 1784 practer-itum
713 1728 936 1766 defendunt
956 1730 1079 1767 etiam
1101 1727 1237 1767 Turio.
1257 1727 1367 1769 Flor.
1397 1728 1524 1770 Amb.
1548 1737 1590 1772 2.

125 1803 225 1840 fort.
257 1797 382 1839 Amb.
405 1802 439 1837 1.
540 1796 666 1852 ferri.
712 1796 856 1848 referri
885 1798 1008 1833 etiam
1035 1794 1142 1834 Flor.
1168 1793 1295 1834 Amb.
1322 1800 1355 1835 1.
1385 1810 1408 1835 a
1436 1813 1514 1838 sec.
1533 1815 1589 1840 m.

132 1866 254 1908 I'aris.
287 1872 323 1905 1.
354 1872 395 1905 2.
437 1864 576 1917 Camp.
611 1862 721 1903 JenS.
761 1870 800 1901 et
836 1871 1002 1915 posterr.
1044 1871 1137 1901 ante
1176 1861 1308 1902 Stoer.
1365 1866 1404 1904 Is
1434 1867 1588 1917 primus

133 1935 243 1974 dedit
263 1933 397 1990 ferri,
437 1934 676 1984 astipulante
705 1928 829 1969 Amb.
859 1934 894 1970 1.
925 1945 947 1969 a
965 1946 1024 1982 pr.
1046 1945 1101 1969 m.
1132 1938 1172 1969 et
1199 1930 1321 1970 Paris.
1342 1934 1382 1971 5.
1433 1931 1589 1985 (Quod
1660 1971 1663 1975 ,

130 2000 251 2044 Bodl.
298 2000 446 2040 Joann.
494 1997 627 2038 Andr.
668 1996 778 2037 Ven.
818 1998 926 2050 apud
964 1996 1099 2045 Gibs„
1146 1996 1261 2037 Ajm.
1301 1999 1409 2052 apud
1447 1998 1588 2042 Burm.

119 2069 233 2126 jin-ri
273 2069 486 2107 defendere
523 2074 760 2115 narrantur,
809 2064 921 2103 haud
957 2065 1078 2104 dubie
1120 2081 1228 2105 error
1268 2075 1337 2106 est.
1392 2065 1443 2106 Iu
1472 2067 1583 2110 Ven.

128 2137 225 2177 Ald.
255 2135 392 2186 sich„
431 2135 539 2174 unde
556 2134 670 2190 jbrri
697 2134 892 2183 afferunt,
935 2141 994 2172 est
1014 2132 1181 2189 referri5
1218 2131 1352 2175 Andr.
1374 2136 1457 2174 fere
1475 2151 1584 2176 sem-

127 2218 198 2257 per
229 2206 326 2243 facit
355 2218 449 2242 cum
478 2201 639 2254 Camp.‚
687 2199 801 2240 Alm.
840 2210 880 2240 et
907 2198 1027 2241 Bodl.
1061 2216 1155 2240 cum
1185 2199 1320 2241 Turic-
1379 2200 1584 2244 Nimirmn

127 2272 219 2310 ideo
249 2271 349 2310 haec
380 2278 539 2310 enotata
568 2277 686 2319 sunt,
727 2268 835 2322 quod
861 2270 904 2306 in
935 2268 997 2307 his
1027 2270 1212 2307 omnibus
1249 2277 1333 2308 erat
1361 2271 1402 2307 in
1425 2281 1584 2324 praete-

130 2341 258 2379 ritum.
299 2337 371 2391 S.)
485 2336 632 2376 inutilis
673 2339 796 2375 etiam
834 2335 942 2375 Flor.
981 2334 1107 2376 Paris.
1136 2340 1173 2376 1.
1206 2340 1246 2376 2.
1290 2334 1431 2390 Camp.
1469 2337 1580 2378 Jens.

127 2403 246 2445 Tarv.
276 2404 385 2445 Ven.
444 2403 664 2457 Receptam
698 2403 879 2443 defendit
906 2402 1030 2443 Paris.
1054 2406 1093 2443 5.
1123 2411 1185 2455 et,
1225 2405 1259 2444 si
1286 2404 1382 2444 fides
1402 2406 1580 2457 silentio,

127 2470 251 2511 Amb.
286 2479 324 2513 1.

244 2563 280 2611 §.
316 2567 381 2602 38.
442 2563 579 2601 excuti
606 2560 714 2600 solet.
763 2576 853 2600 cxc.
883 2559 1005 2599 solent
1035 2558 1135 2600 Obr.
1175 2558 1254 2615 (ex
1291 2559 1491 2615 Argent.,
1533 2563 1579 2602 ni

128 2625 187 2683 f.)
223 2627 358 2668 Turio.
404 2628 517 2669 Alm.
558 2628 666 2671 Flor.
708 2626 824 2668 Voss.
853 2633 894 2668 2.
927 2625 1063 2681 Camp.
1092 2630 1183 2669 sort.
1213 2625 1336 2672 Amb.
1361 2634 1398 2672 1.
1511 2631 1579 2683 qui
