1721 2974
373 145 427 184 acl
458 144 624 198 Quintil.
653 143 784 185 Instit.
830 141 907 192 1371,
947 150 986 184 2.
1029 145 1063 195 ᾧ.
1095 149 1295 183 26--30'.
1484 149 1562 185 325

102 260 152 297 rit
192 273 230 299 v.
274 261 445 313 rogavit.
573 256 652 298 vicl.
693 274 769 299 non
809 273 873 300 an.
932 255 1042 299 Jens.
1078 253 1176 297 Loc.
1215 253 1325 298 Ven.
1366 260 1560 299 omittunt

111 343 188 367 mn.
302 326 448 382 pallor.
510 324 647 367 Guelf.
675 325 807 382 palor.

212 395 250 447 §.
281 400 348 436 32.
409 392 606 450 ἐνάργεια.
674 391 796 435 Amb.
824 400 860 434 1.
900 395 1023 434 etiam
1062 406 1248 447 ενεργεια.
1384 408 1439 431 em
1481 393 1554 434 his.

100 459 224 504 Goth.
267 478 321 502 em
362 464 424 503 iis.
537 460 694 516 pensa?
732 462 916 518 Levique.
975 461 1044 503 Sic
1074 465 1196 502 etiam
1226 458 1349 501 Amb.
1374 466 1414 501 1.
1444 459 1555 501 Flor.

98 529 254 573 Verum
285 529 420 571 Guelf.
450 546 493 584 p.
523 529 689 583 leveque.

209 602 246 650 §.
278 603 344 639 33.
402 614 532 653 equus.
592 596 726 636 Etiam
749 595 873 637 Amb.
899 601 936 637 1.
968 597 1076 638 Flor.
1108 596 1198 638 Par.
1223 601 1261 637 1.
1293 605 1333 635 et
1361 611 1470 651 ῳιοε.

93 667 235 717 positis
265 668 407 719 insign.
468 664 536 705 Sic
567 667 690 704 etiam
720 662 847 704 Amb.
873 669 910 705 1.
941 664 1050 705 Flor.
1081 665 1229 705 Pau-51.
1255 669 1294 707 2.
1409 664 1554 716 insign.

99 733 213 784 Quid.
272 732 338 773 Sic
371 736 494 773 etiam
521 731 646 773 Amb.
671 736 709 772 1.
741 730 850 771 Flor.
954 732 1069 772 idem.
1130 730 1251 774 Goth.
1284 731 1367 773 ille.
1483 730 1551 770 Et.

93 800 202 841 Jens.
235 811 289 841 ut.
391 800 536 840 dulces.
584 799 714 840 Amb.
745 804 783 839 1.
814 798 924 840 Jens.
957 809 998 839 et
1030 801 1116 839 edd.
1145 815 1260 840 meae
1292 814 1430 840 omues
1461 812 1556 838 cum

94 872 148 907 eis
179 884 240 920 ap.
270 867 414 909 Burm.
448 867 599 920 dulcis,
641 882 727 908 exc.
769 865 901 908 Stoer.
943 866 1116 908 Chouet.
1149 866 1260 909 Gibs.
1286 866 1411 918 obn,
1449 880 1554 921 quae

93 935 252 977 dulceis.
365 936 519 989 Argos.
579 933 715 976 Guelf.
751 933 894 988 Camp.
928 952 1062 988 agros,

204 1007 242 1057 §.
274 1004 340 1045 34.
399 1020 601 1059 queremur
631 1018 716 1043 acc.
774 1001 843 1043 Sic
874 1005 997 1043 etiam
1025 1001 1154 1043 Amb.
1184 1007 1222 1043 1.
1290 1017 1489 1057 queremus
1513 1016 1552 1041 a.

89 1070 197 1112 Flor.
228 1086 231 1088 ·
287 1071 345 1112 id.
395 1070 523 1112 Amb.
548 1077 586 1112 1.
617 1061 725 1113 Flo'r·
756 1074 878 1110 etiam
907 1074 961 1111 in.
1048 1070 1215 1124 indigna
1243 1073 1393 1110 tristia.
1442 1068 1552 1108 Flor.

92 1143 215 1179 etiam
242 1149 314 1181 aut
343 1138 465 1193 (ligna
493 1142 673 1180 tristiiia.
771 1155 973 1194 queremur
1000 1154 1083 1179 nec.
1127 1138 1196 1180 Sic
1218 1141 1342 1179 etiam
1357 1136 1486 1177 Amb.
1512 1141 1551 1175 1.

90 1207 199 1249 Flor.
295 1219 418 1248 nostr.
451 1209 537 1247 sim.
580 1207 649 1248 Sic
680 1208 802 1246 etiam
828 1205 936 1246 Flor.
1036 1222 1143 1247 casu.
1173 1205 1303 1246 Amb.
1327 1211 1366 1247 1.
1413 1204 1553 1245 Turio.

93 1291 115 1315 a
135 1291 194 1330 pr.
218 1291 274 1316 m.
306 1292 434 1316 casus.
454 1272 457 1273 ⁷
551 1292 727 1315 essemus.
785 1272 911 1318 Amb.
935 1279 974 1315 1.
1012 1274 1120 1316 Flor.
1135 1277 1259 1315 etiam
1278 1274 1522 1313 vidissemus.

206 1344 237 1396 §.
271 1348 337 1385 35.
395 1352 433 1382 et
461 1367 518 1375 —-
545 1359 762 1398 possumus,
820 1342 889 1383 Sic
931 1345 1052 1395 edam
1088 1341 1216 1384 Aan.
1253 1347 1290 1382 1.
1321 1342 1427 1384 Flor.
1457 1340 1551 1380 Par.

93 1417 129 1453 1.
245 1411 329 1451 cleb.
370 1422 405 1451 et
442 1426 545 1452 mov.
606 1410 718 1452 Sich.
760 1425 841 1451 om.
878 1419 929 1451 ct.
1041 1426 1259 1464 possumus.
1318 1409 1430 1450 Sich.
1457 1424 1554 1462 pos-

88 1482 222 1522 simus.
1424 1514 1439 1519 ,,

207 1546 302 1602 [De
344 1548 573 1588 discrimine
612 1546 821 1587 histrionis
860 1555 900 1587 et
940 1544 1116 1588 comoedi
1154 1548 1205 1586 cf.
1240 1544 1404 1586 Censor.
1432 1543 1552 1594 hujus

91 1618 277 1657 editionis
315 1618 360 1654 in
401 1614 512 1669 Allg.
552 1613 632 1655 Lit.
670 1613 777 1656 Zeit.
817 1629 852 1655 a.
896 1616 1019 1656 1804.
1057 1614 1306 1654 Histrionem
1334 1613 1478 1653 saltare
1512 1619 1552 1651 et

88 1687 337 1737 gesticulari‚
390 1684 630 1736 tragoedum
667 1686 751 1723 sive
790 1683 1033 1723 comoedum
1063 1697 1163 1722 voce
1192 1683 1254 1721 uti
1284 1681 1423 1720 docet:
1472 1682 1552 1718 ita·-

88 1768 168 1807 que
193 1750 423 1805 Agrippam
450 1754 625 1790 mimum
643 1783 654 1803 ‚
706 1753 817 1803 cujus
846 1751 1080 1790 meminerit
1107 1748 1349 1790 Athenaeus
1377 1747 1487 1801 Epit.
1516 1744 1550 1796 I,

91 1825 142 1860 36
173 1836 212 1873 p.
238 1825 305 1868 20,
338 1818 385 1870 C,
418 1835 441 1858 a
471 1818 700 1872 Capitolino
731 1821 777 1857 in
806 1821 889 1859 vita
917 1817 1021 1860 Veri
1053 1815 1154 1870 Imp.
1186 1834 1217 1856 o.
1246 1821 1270 1858 8
1308 1816 1552 1856 histrionem

91 1888 307 1940 appellari,
349 1894 390 1926 et
418 1901 441 1926 a
472 1885 667 1927 Cicerone
698 1888 747 1927 de
779 1886 898 1928 Orat.
919 1884 952 1936 Ι,
978 1889 1031 1927 59
1063 1887 1099 1938 §.
1118 1889 1199 1926 251
1231 1883 1487 1923 histrionibus
1507 1887 1551 1922 in

88 1964 204 2009 gestu
234 1954 423 1994 discendo
455 1956 750 1995 elaborantibus
782 1957 934 2008 opponi
955 1953 1165 2006 tragoedos
1187 1954 1279 1993 voci
1299 1949 1550 2002 servientes]

203 2027 239 2076 §.
268 2026 332 2062 36.
392 2037 538 2076 quoque
570 2021 694 2061 rebus.
740 2020 809 2063 Sic
835 2025 958 2062 etiam
987 2020 1095 2061 Flor.
1121 2020 1213 2061 Par.
1238 2025 1274 2061 1.
1293 2026 1334 2061 2.
1421 2034 1550 2058 veras.

89 2090 228 2131 Turio.
261 2104 283 2128 a
312 2105 372 2143 pr.
401 2104 457 2128 m.
491 2104 598 2131 vcra.
711 2088 830 2144 quocl.
859 2102 868 2111 ·
889 2088 997 2128 Flor.
1030 2091 1154 2128 etiam
1184 2090 1293 2144 quia.
1401 2085 1551 2127 illiont

88 2159 151 2201 lit.
211 2156 335 2198 Amb.
372 2161 410 2198 1.
450 2155 560 2196 Flor.
602 2158 726 2197 etiam
763 2155 829 2196 illi
867 2155 925 2197 lit.
1052 2155 1259 2211 loquimur.
1319 2154 1459 2210 Camp.
1489 2154 1550 2195 Ζο-

89 2237 272 2283 quuniur.
385 2223 642 2281 naufmgum.
702 2223 839 2265 Turio.
868 2239 891 2264 a
910 2239 970 2278 pr.
989 2239 1045 2266 m.
1073 2223 1342 2281 nazfrogium.
1457 2221 1552 2278 quid

90 2304 163 2338 att.
222 2293 291 2335 Sic
323 2295 444 2333 etiam
476 2291 583 2332 Flor.
639 2290 700 2332 At
728 2290 856 2332 Amb.
889 2297 928 2332 1.
960 2291 1096 2333 Turio.
1126 2306 1148 2331 a
1173 2307 1235 2346 pr.
1259 2308 1314 2333 m.
1339 2291 1444 2347 quocl
1473 2302 1546 2332 att.

173 2361 353 2418 ψοίας.
415 2358 541 2401 Goth.
574 2360 774 2416 affictum.
826 2395 828 2399 ,
873 2363 1121 2400 assumimus.
1170 2359 1278 2400 Flor.
1309 2359 1449 2413 Camp.
1480 2377 1549 2399 as-

90 2445 296 2470 sumamus.
424 2438 743 2483 quantuscunque
769 2450 826 2459 —-
851 2430 1082 2483 pervenisse.
1138 2430 1260 2468 Amb.
1289 2433 1326 2468 1.
1358 2431 1479 2468 etiam
1508 2444 1547 2482 q.

90 2499 126 2536 is
156 2514 193 2537 α.
212 2496 259 2553 f
286 2513 329 2551 p.
387 2494 495 2537 Flor.
526 2510 550 2535 a
578 2511 636 2550 pr.
664 2510 720 2536 m.
752 2507 1071 2551 quantuscunque
1096 2519 1151 2529 ——-
1178 2499 1410 2550 pervenisse,
1441 2506 1550 2536 cete-

92 2566 145 2604 ris
175 2567 338 2604 omissis.
465 2561 638 2618 aliquod.
690 2562 819 2604 Amb.
850 2568 886 2605 1.
921 2562 1084 2618 aliquid.
1212 2564 1548 2620 deprehenderent.

94 2629 162 2672 Sic
193 2634 312 2672 etiam
341 2631 447 2674 Flor.
504 2630 779 2686 deprenderet&
817 2631 942 2673 Amb.
974 2637 1009 2672 1.
1080 2631 1399 2687 deprehenderint
1429 2636 1549 2673 etiam
