1721 2974
170 171 224 208 76
613 166 883 222 Supplementa
911 169 1175 207 annotationic

171 278 294 321 Amb.
320 285 356 320 1.
377 285 417 320 2.
447 278 576 320 Stoer.
602 278 769 320 Chouet.
883 279 1063 320 historia.
1123 281 1314 330 historica
1342 279 1478 323 Turio.
1501 283 1610 324 Flor.

170 347 294 388 Asnh.
319 353 356 403 1.
379 354 417 388 2.
450 346 574 390 Goth.
604 348 711 390 Jens.
742 343 842 388 Loc.
872 345 974 387 Bad.
1008 345 1164 402 Gryph.

284 417 321 467 §.
354 421 394 456 3.
450 426 531 454 ium
560 419 684 456 omitt.
716 417 838 454 etiam
867 413 991 454 Amb.
1015 421 1054 456 2.
1084 415 1208 456 Pari&
1235 421 1270 455 1.
1299 422 1339 456 2.
1361 420 1402 458 5.
1516 421 1613 458 satis

170 495 237 524 cst.
296 494 358 523 sat
388 493 443 522 est
485 482 621 524 Turio.
651 482 759 522 Flor.
792 480 926 522 Guelf.
958 481 1084 522 Amb.
1108 489 1148 522 2.
1181 481 1303 524 Goth.
1334 482 1472 538 Camp.
1501 485 1610 527 Jens.

170 561 209 591 et
236 561 400 606 postetr.
432 559 523 590 ante
548 550 679 590 Colin.
714 547 792 604 (cf.
823 565 941 603 supra
972 566 1004 590 o.
1030 556 1055 591 2
1085 554 1121 601 §.
1144 550 1208 604 4).
1326 562 1439 606 atque
1464 555 1612 607 jejuna.

168 636 253 660 nec.
295 622 359 673 jej.
398 617 507 659 Jens.
549 626 588 656 et
626 619 695 655 alii
733 624 825 655 ante
864 614 1047 671 Gryph.‚
1104 634 1190 658 exc.
1221 617 1346 659 Aldo.
1405 636 1522 674 neque
1543 623 1612 675 jej.

169 686 308 741 Camp.
339 685 450 726 Sich.
510 683 731 736 Receptam
767 692 902 723 tuetur
939 683 1077 726 Turio.
1192 689 1403 726 arcessitis.
1462 704 1610 729 accers.

171 754 294 796 Goth.
326 754 434 795 Jens.
467 761 506 792 et
537 752 628 792 edd,
657 743 822 805 posterr.
854 762 946 792 ame
973 752 1074 793 Obr.
1134 752 1314 806 Vulgata
1343 762 1402 794 est
1427 770 1479 794 ex
1495 755 1609 797 AJm.

163 822 284 863 Bodl.
317 820 408 862 Bal.
438 819 557 861 Voss.
578 825 619 862 2.
652 827 692 858 et
711 818 918 860 Palatinis.
1034 820 1198 860 lasciva.
1241 820 1449 861 lasciviant
1471 821 1611 877 Camp.

164 899 204 930 et
232 889 340 931 Jens.
379 886 563 928 lasciviat
601 885 724 928 Paris.
747 893 787 927 2.
811 892 849 929 3.
889 887 981 927 edd.
1019 888 1114 926 inde
1152 902 1176 928 a
1207 886 1363 928 Tarvis.
1401 905 1529 945 usque
1561 891 1613 930 ad

165 957 344 1013 Gryph.,
384 970 478 996 cum
505 952 643 995 Turio.
674 952 782 994 Flor.
811 952 938 994 Amb.
960 961 1000 995 2.
1059 952 1225 1011 Reliqui
1265 955 1428 998 lasciva.
1484 957 1609 998 Amb.

165 1031 202 1067 1.
233 1026 387 1065 lascivi.
445 1022 505 1062 At
533 1024 693 1069 vitium,
735 1031 780 1062 ut
810 1020 932 1062 Bern.
963 1020 1083 1061 Voss.
1106 1028 1145 1063 3.
1204 1023 1397 1064 Lascivat
1422 1023 1547 1065 Paris.
1573 1031 1608 1066 1.

277 1094 314 1144 §.
346 1093 387 1132 4.
443 1088 582 1130 melior
620 1100 747 1129 autem
785 1099 852 1128 cst.
912 1100 967 1128 est
1005 1093 1132 1130 omitt.
1163 1089 1300 1131 Turio.
1331 1090 1440 1133 Flor.
1473 1090 1610 1133 Guelf.

159 1162 282 1203 Paris.
308 1165 346 1200 1.
377 1158 517 1211 Cmnp.
577 1168 704 1198 autem
735 1167 768 1196 et
798 1156 879 1196 ind.
908 1155 1034 1196 Aan.
1058 1163 1095 1197 1.
1213 1169 1247 1197 ct
1274 1157 1338 1198 vel
1359 1157 1490 1213 plura.
1551 1160 1615 1200 vel

160 1233 290 1273 omitt.
321 1226 447 1268 Amb.
473 1231 511 1265 1.
541 1240 565 1265 a
593 1240 652 1278 pr.
683 1240 741 1264 m.

274 1297 310 1347 ᾗ.
343 1300 382 1336 5.
442 1294 638 1333 discentis.
698 1292 777 1333 dic.
805 1291 929 1331 Amb.
964 1298 1000 1332 1.
1042 1309 1135 1333 cum
1165 1295 1266 1335 aliis.
1381 1295 1486 1348 quin.
1545 1299 1611 1349 qni

158 1368 199 1406 in
237 1364 373 1405 Turio.
414 1360 536 1403 Bodl.
652 1362 746 1414 ipsis
785 1358 936 1400 doctor.
996 1363 1069 1414 ips·
1100 1377 1246 1415 quoque
1273 1360 1378 1401 (loct.
1407 1360 1534 1402 Amb.
1570 1369 1606 1403 1.

242 1431 359 1471 velut.
417 1428 537 1468 veluti
565 1425 688 1469 Goth.
720 1425 828 1467 Jens.
860 1435 899 1467 et
927 1429 1140 1483 pleraeque
1170 1429 1259 1468 edd.
1290 1438 1387 1468 vett.
1493 1429 1607 1469 lacte.

159 1502 246 1541 cibo
276 1498 448 1553 lacteque
478 1494 613 1537 Guelf.
652 1509 745 1534 cum
772 1492 882 1534 Jens.
914 1504 953 1534 et
983 1496 1073 1535 edd.
1104 1505 1269 1548 posterr.
1300 1505 1393 1536 ante
1423 1494 1579 1551 Gryph‚

272 1569 309 1618 §.
343 1572 382 1606 6.
441 1564 620 1605 Macicm
649 1578 811 1616 namque
840 1572 874 1600 et
904 1564 1049 1617 itgfirm.
1109 1563 1269 1604 Macies
1298 1581 1335 1603 n.
1367 1564 1442 1621 iry‘.
1481 1564 1607 1605 Amb.

158 1644 197 1679 1,
314 1635 468 1674 inierim
495 1634 617 1671 sicca.
676 1633 787 1669 sicca
816 1632 884 1669 int.
918 1629 1055 1671 Turio.
1086 1630 1193 1671 Flor.
1216 1630 1340 1671 Aan.
1366 1637 1402 1672 1.
1420 1638 1461 1672 2.
1482 1631 1607 1673 Goth.

158 1703 293 1746 Guelf.
336 1700 476 1754 Camp.
513 1699 623 1740 Jens.
661 1707 702 1738 et
730 1700 817 1737 rell.
850 1707 942 1736 aute
973 1696 1202 1752 Gryphium
1232 1702 1374 1749 istum,
1416 1702 1486 1754 qui
1515 1715 1607 1740 ver-

154 1777 300 1813 borum
348 1770 628 1809 collocationes
676 1775 833 1805 mutare
868 1769 1032 1806 solebat.
1150 1777 1184 1804 et
1222 1782 1368 1806 severa.
1440 1784 1489 1806 ac
1527 1784 1604 1806 sev.

154 1841 292 1883 Turio.
320 1838 429 1878 Flor.
467 1833 591 1876 Goth.
625 1825 762 1875 G1‘1elf.
791 1831 916 1872 Amb.
944 1838 980 1872 1.
1011 1832 1120 1873 Jens.
1153 1843 1192 1872 et
1220 1836 1307 1873 rell.
1335 1843 1427 1873 ante
1449 1833 1604 1889 Gryph.

267 1909 304 1958 §.
345 1910 387 1946 7.
457 1902 540 1943 Illa
576 1902 675 1941 mihi
710 1903 762 1940 in.
820 1898 855 1939 Ῑ.
886 1900 988 1938 11ἰήίῖ
1017 1903 1057 1939 in
1087 1900 1224 1941 Turio.
1255 1916 1348 1940 cum
1375 1900 1491 1942 Ahn.

152 1986 302 2033 oporiet
333 1972 473 2025 Camp.
589 1969 810 2023 decoquenl.
871 1979 1030 2022 coquent
1066 1967 1194 2009 Amb.
1222 1975 1262 2010 2.
1300 1978 1461 2022 propter
1489 1985 1606 2022 prae-

151 2047 296 2088 cedens
326 2040 430 2082 inde.
547 2036 722 2091 eat-culpi.
783 2035 900 2077 Nihil
927 2038 1086 2076 varlant
1114 2034 1251 2076 Turio.
1283 2035 1425 2090 Camp.
1484 2035 1602 2077 Reli-

149 2117 221 2171 qui
254 2114 436 2152 silentur.

262 2182 298 2233 §.
339 2183 379 2219 8.
448 2177 575 2215 minus
610 2173 751 2214 mit-ab.
828 2189 936 2212 nemo
975 2175 1066 2212 mir.
1121 2170 1278 2225 Gryph.
1321 2185 1415 2210 cum
1449 2170 1597 2212 Joanu.

146 2250 267 2290 Voss.
290 2252 328 2288 1.
442 2243 651 2283 mirabitur
678 2264 733 2273 ·—
762 2240 911 2294 legerit.
980 2239 1225 2280 mirabuntur
1253 2263 1309 2270 --
1336 2237 1459 2292 legent
1487 2238 1596 2279 Flor-

149 2318 272 2368 lcgent
301 2316 423 2355 etiam
451 2310 590 2352 Turio.
623 2325 645 2349 a
673 2325 733 2363 pr.
754 2324 837 2362 m.3
878 2324 958 2349 sec.
988 2323 1044 2348 m.
1077 2308 1186 2347 dedit
1215 2305 1324 2359 leget.
1441 2308 1482 2346 in
1506 2309 1595 2361 pri-

147 2388 233 2424 mis.
294 2395 326 2422 ι·.’
358 2385 398 2422 in
424 2397 486 2435 pr.
520 2377 661 2430 Camp.

262 2454 299 2502 §.
335 2456 400 2491 10.
461 2446 524 2487 Ne
552 2445 651 2485 illud
675 2444 840 2499 quiclcm.
900 2442 985 2482 Nec
1007 2441 1064 2482 ill.
1087 2442 1189 2497 quid.
1208 2440 1334 2482 Amb.
1357 2447 1395 2482 1.
1412 2440 1531 2482 Voss.
1555 2447 1591 2481 1.

261 2521 297 2569 §.
332 2523 397 2559 11.
457 2516 661 2556 cicatrices
691 2511 871 2552 nondum.
931 2510 1047 2550 nond.
1080 2513 1152 2549 cic.
1183 2507 1308 2550 Amb.
1336 2514 1371 2549 1.
1394 2515 1434 2550 2.
1455 2507 1591 2549 Turio.

147 2589 254 2630 Flor.
286 2584 422 2625 Guelf.
455 2582 578 2624 Goth.
610 2580 750 2633 Camp.
780 2580 890 2620 Jeus.
929 2588 969 2618 et
998 2580 1084 2617 rell.
1116 2588 1208 2617 aute
1238 2576 1395 2634 Gryph.

264 2654 301 2704 ξ.
337 2659 401 2693 12.
467 2650 518 2690 Ut
550 2648 739 2700 remedia,
779 2665 876 2702 quac
905 2656 977 2688 etc.
1011 2645 1144 2688 Turio.
1176 2662 1198 2686 a
1218 2661 1277 2699 pr.
1299 2660 1354 2686 m.
1461 2655 1499 2684 ui
1528 2646 1594 2699 qui

1714 2648 1721 2688 J
