1721 2974
160 146 239 182 328
676 140 947 196 Supplemenla
977 141 1221 183 annotationi
1228 155 1234 158 ⁴

163 253 343 306 dingius,
382 267 457 294 nec
487 256 622 294 locum
651 254 819 294 invenit.
879 250 1038 304 Quidni
1065 253 1247 305 pr'oxhne
1274 254 1482 306 quaesivit,
1528 254 1600 292 ubi

164 317 319 371 Quint.⁶
342 324 440 361 risus
469 325 552 361 vim
582 321 940 374 imperiosissimam
970 318 1178 371 dixerat?]

279 390 316 438 §.
351 394 414 429 10.
485 389 702 427 Tarentini.
769 385 877 427 Flor.
918 390 1040 427 etiffln
1086 395 1236 426 starent
1274 388 1404 441 iniqui.
1517 402 1605 440 rege

165 452 332 508 Byrrlio.
377 455 444 496 Sic
473 457 593 494 etiam
622 453 730 494 Flor.
822 457 1022 494 rationem.
1065 453 1173 495 Flor.
1206 457 1312 494 ratio
1334 470 1406 495 res.
1478 453 1606 511 facti.

167 517 301 561 Guels.
333 537 411 562 om.
491 531 636 575 posset.
683 519 818 562 Guelf.
847 525 985 576 possit.
1070 533 1219 577 opport.
1247 545 1304 553 —-
1331 521 1465 575 elapsi.
1519 519 1608 561 Tu-

164 590 235 627 rio.
268 604 290 627 a
320 605 377 641 pr.
406 604 462 628 111.
499 600 685 643 oportune
711 592 797 642 joce
822 589 951 644 tapsi.
1011 588 1145 631 Guelf.
1178 606 1264 644 opp.
1293 589 1380 630 loco
1409 587 1459 628 el.
1552 603 1608 628 eae

166 654 236 693 his.
285 655 396 695 Amb
421 661 455 695 1.
487 654 627 709 Camp.
659 672 714 695 ex
742 659 803 698 iis.
917 660 1053 713 inquit.
1101 655 1238 698 Turio.
1269 660 1309 696 in
1334 657 1437 711 quid.
1547 656 1611 696 la-

160 739 270 773 gvna.
326 722 449 763 Amb.
483 728 519 764 1.
556 738 580 762 a
618 739 674 778 pr.
714 740 770 765 m.
811 725 969 779 lagona.
1025 725 1162 766 Turic-
1197 723 1375 778 lagoena.
1488 723 1610 775 invisi.

163 792 276 828 crim.
338 788 476 842 Camp.
507 791 690 829 ordjnem
717 801 860 833 mutat.
905 788 917 794 -

277 857 313 906 ἕ.
339 861 402 895 11.
446 857 764 899 observationem.
807 859 946 912 Camp.
970 860 1284 900 observatiorem.
1372 859 1487 900 habet
1504 869 1614 898 sunt-

164 939 245 976 que.
296 921 419 963 Goth.
451 925 672 981 kesuntque.
724 925 846 968 Amb.
873 932 912 967 1.
947 927 984 968 Ῐι.
1013 939 1100 967 sunt
1130 944 1242 983 quae.
1339 929 1380 967 in
1409 943 1492 968 occ.
1543 926 1612 967 Sic

164 993 286 1030 etiam
316 990 427 1030 Sich.

280 1062 316 1110 ξ.
350 1064 416 1099 12.
475 1059 658 1100 habilior.
718 1059 841 1102 Goth.
873 1062 1029 1103 abilior.
1140 1063 1423 1103 inveniendum.
1474 1061 1614 1102 Turio.

167 1134 206 1165 et
236 1124 344 1165 Flor.
375 1141 397 1165 a
415 1142 475 1180 pr.
496 1143 553 1168 m.
583 1127 697 1170 Alm.
724 1130 959 1169 veniendum.
1070 1133 1206 1185 possit.
1248 1130 1316 1171 Sic
1346 1132 1470 1169 etiam
1490 1126 1615 1169 Amb.

169 1197 207 1232 1.
237 1191 345 1233 Flor.
376 1193 467 1234 Par.
505 1201 542 1235 1.
574 1203 612 1237 2.
723 1200 908 1252 proprius
927 1222 983 1228 —-
1002 1198 1091 1238 hab.
1138 1197 1264 1237 Aan.
1292 1203 1331 1238 1.
1361 1196 1470 1238 Flor.
1503 1212 1527 1236 a
1555 1212 1616 1249 pr.

165 1274 221 1300 m.
252 1263 436 1314 proprius
468 1263 606 1316 quibus
637 1264 795 1305 deorum
824 1265 912 1305 hab.
961 1264 1069 1306 Flor.
1101 1281 1124 1305 a
1142 1281 1219 1306 sec.
1246 1281 1298 1305 m.
1323 1267 1508 1319 proprius
1527 1266 1618 1319 qui-

169 1328 238 1368 bus
268 1329 449 1369 decorum
479 1331 568 1370 hah.
691 1349 740 1372 ac
766 1333 888 1374 vultu,
949 1333 1016 1374 Sic
1048 1337 1168 1374 etiam
1195 1332 1322 1373 Amb.
1354 1338 1393 1373 1.
1422 1333 1533 1373 Flor.

169 1395 249 1436 alio
279 1421 335 1428 —
363 1398 581 1438 videantur.
630 1399 699 1440 Sic
730 1404 851 1440 etiam
880 1399 1006 1441 Amb.
1030 1406 1068 1441 1.
1128 1400 1212 1441 Sed
1238 1401 1348 1442 Flor.
1378 1418 1417 1441 a.
1449 1400 1489 1441 ἆ.
1519 1417 1549 1440 e.
1577 1415 1617 1441 υ.

167 1480 207 1504 u.
265 1463 403 1506 Turio.
434 1481 456 1505 a
477 1483 536 1520 pr.
557 1483 613 1508 m.
642 1468 750 1509 Flor.
785 1469 870 1508 alia
899 1469 977 1509 dic.
1009 1477 1084 1508 cet.

284 1532 322 1581 §.
357 1537 422 1572 13.
486 1533 708 1575 Occasioni.
766 1535 834 1576 Sic
854 1539 976 1576 etiam
1006 1535 1097 1576 Par.
1121 1541 1160 1576 1.
1219 1533 1282 1575 At
1299 1533 1425 1575 Amb.
1450 1539 1493 1575 1:
1509 1533 1618 1576 Flor.

169 1612 195 1636 a
220 1614 281 1651 pr.
315 1614 370 1639 m.
404 1615 564 1656 quoque
596 1606 766 1643 occasio.
883 1607 1026 1644 rustici
1054 1605 1169 1645 salse.
1228 1604 1337 1644 Flor.
1371 1614 1465 1643 rust.
1497 1605 1566 1655 agi
1595 1599 1641 1641 α’

171 1681 222 1704 se.
278 1664 404 1705 Amb.
433 1673 470 1708 1.
504 1681 596 1708 rust.
623 1674 753 1726 satise.
868 1664 1004 1711 dieant
1033 1675 1074 1711 in
1102 1688 1200 1712 cum.
1258 1673 1381 1710 Amb.
1407 1674 1444 1710 1.
1465 1669 1557 1719 Par.
1581 1675 1621 1710 1·

173 1735 296 1771 etiam
326 1732 364 1772 (ἶ.
395 1745 429 1773 et
459 1738 499 1774 in
523 1753 579 1777 eo.
637 1736 745 1778 Flor.
769 1737 806 1777 cl.
832 1741 872 1777 in
894 1755 949 1778 eo.
1009 1739 1161 1779 Cervic.
1186 1738 1225 1778 ἄ.
1250 1749 1283 1777 et
1305 1740 1345 1776 in
1363 1753 1458 1777 eum.
1507 1735 1621 1776 Sich.

170 1798 210 1838 cl.
242 1811 284 1838 ut
314 1816 411 1842 cum.
523 1806 706 1859 quisquis.
763 1804 892 1847 Amb.
915 1812 952 1846 1.
983 1807 1089 1861 quid.
1146 1806 1252 1846 Flor.
1276 1807 1397 1845 etiam
1419 1806 1505 1858 quis
1530 1818 1624 1844 cum

170 1865 282 1907 Sich.
1185 1863 1188 1867 ⁸

288 1936 325 1985 §.
360 1937 425 1977 14.
490 1938 639 1992 Utique.
696 1938 818 1981 Amb.
843 1947 880 1981 1.
913 1944 1059 1996 itaque.
1175 1939 1244 1979 secl
1273 1941 1378 1994 quia.
1434 1936 1560 1980 Aan.
1584 1944 1624 1981 1.

175 1999 282 2042 Flor.
306 2005 425 2042 etiam
451 2008 642 2046 omittunt
661 2007 740 2048 sed.
825 2019 951 2063 parte.
995 2008 1062 2048 Sic
1085 2011 1206 2047 etiam
1223 2006 1331 2047 Flor.
1353 2022 1375 2046 a
1397 2022 1456 2060 pr.
1482 2022 1538 2048 m.

176 2070 458 2111 commendata.
518 2072 586 2114 Sic
613 2077 733 2114 etiam
762 2075 851 2116 Par.
878 2081 915 2115 1.
937 2081 1000 2127 2.,
1040 2085 1078 2115 et
1108 2078 1206 2114 oliln
1230 2077 1392 2113 fortasse
1418 2072 1544 2114 Amb.
1570 2079 1623 2124 1.,

176 2139 221 2175 in
252 2151 329 2191 quo
363 2154 414 2177 ex
442 2144 684 2181 correctione
718 2152 775 2182 est
805 2142 1075 2194 commodata,
1121 2142 1230 2196 quod
1258 2144 1357 2181 item
1384 2144 1430 2180 iu
1457 2141 1567 2182 Flor.

291 2207 326 2257 §.
362 2210 425 2246 15.
484 2210 652 2250 vetabat.
703 2209 826 2251 Goth.
858 2211 1014 2250 vetabit.
1126 2211 1325 2249 materias.
1372 2207 1481 2248 Flor.
1503 2212 1625 2248 etiam

174 2275 367 2313 materies.
481 2277 669 2330 singulas.
717 2276 841 2319 Goth.
870 2277 1035 2333 singula.
1152 2278 1487 2316 exercitationem.
1534 2275 1625 2316 Tu-

175 2355 247 2380 nc.
281 2343 574 2384 excitationem.

293 2410 330 2458 §.
366 2413 430 2449 16.
503 2411 607 2464 Quin
634 2436 691 2443 —
718 2424 920 2453 vocantur.
987 2411 1093 2453 Flor.
1134 2414 1257 2452 etiam
1297 2410 1345 2462 Q.
1387 2412 1495 2465 ipsae
1532 2408 1628 2450 illae

177 2472 311 2514 dictae
338 2488 425 2515 sunt
457 2494 495 2519 a.
523 2495 560 2520 v.
617 2479 743 2521 Amb.
780 2486 818 2521 1.
856 2480 946 2522 Par.
984 2485 1023 2520 1,
1067 2479 1112 2533 Q.
1144 2478 1239 2519 illae
1266 2480 1373 2532 ipsae
1402 2477 1512 2517 dicta
1540 2488 1627 2516 sunt

179 2560 216 2581 cz.
249 2558 281 2580 υ.
398 2544 538 2585 dicere.
587 2546 751 2588 Omittit
789 2551 909 2587 etiam
951 2547 1058 2587 Flor.
1104 2562 1126 2586 a
1159 2562 1217 2599 pr.
1249 2559 1304 2585 m.
1387 2543 1624 2598 [VVolffiQ

181 2616 250 2663 qui
281 2614 373 2654 edit.
403 2613 611 2669 Spalding.
646 2616 696 2656 ad
726 2618 904 2657 tironum
940 2630 1032 2658 usus
1073 2613 1408 2661 accommodavit,
1452 2614 1508 2652 sic
1537 2625 1626 2652 001-
