1721 2974
94 102 174 141 264
534 101 806 158 Supplementa
835 104 1096 142 annotationis

96 216 302 268 virginum.
419 225 453 253 ct
491 226 654 268 strages.
715 213 850 255 Guelf.
890 212 1017 255 Aan.
1058 220 1099 255 2.
1140 214 1258 256 Voss.
1291 222 1330 257 1.
1362 222 1534 260 'omittin

185 281 270 320 Est.
322 279 445 323 Goth.
475 298 555 322 om.
642 282 705 320 hic
733 297 877 335 quoque
903 298 992 334 arg.
1023 279 1166 334 ‘Amb.
1193 288 1232 322 1.
1262 283 1369 325 Flor.
1399 284 1534 327 Guelf.
1658 304 1660 338 1

99 346 223 388 Goth.
253 350 344 389 hinc
373 365 459 402 arg.
492 365 646 404 quoquc.
749 359 1074 402 argumentorum.
1125 349 1236 390 Jens.
1259 350 1386 392 *Tanf-
1417 368 1537 406 argu-
1660 371 1662 416 ι

96 426 293 457 ηισηίυπιπ
370 415 477 456 Iocus
506 419 680 455 invicem.
728 414 866 455 Turio.
896 415 1004 456 Flor.
1035 420 1175 457 inserr.
1205 420 1260 458 in.

208 485 245 536 §.
275 489 345 525 72.
401 482 528 522 Simil.
560 498 627 522 ex.
679 482 746 523 Sic
777 487 899 523 etiam
925 481 1050 525 Amb.
1078 490 1117 524 1.
1137 491 1179 526 2.
1209 484 1300 525 Par.
1324 490 1360 525 1.
1384 491 1426 526 2.
1483 501 1537 526 m:

96 553 288 592 omittunt
314 551 421 592 Jens.
451 550 570 590 Tarv.
627 548 685 591 At
718 550 830 592 Sich.
852 567 1012 607 quoque
1032 561 1067 590 et
1086 554 1240 592 inserit.
1328 554 1367 592 in
1389 563 1539 593 utram-

95 635 166 673 que
193 629 358 674 partem.
407 618 518 657 Haeo
550 621 698 659 omittit
724 616 848 659 Amb.
871 625 910 659 1.
1010 630 1085 660 rat.
1119 623 1175 659 rei
1204 637 1302 661 cum.
1350 618 1473 661 Amb.
1499 625 1537 661 1.

94 685 202 726 Flor.
234 701 391 741 quoque
424 688 480 724 rei
510 688 613 725 ratio
643 703 741 727 cum.
857 697 1043 727 tractatu.
1091 684 1216 727 Aan.
1241 693 1280 728 1.
1311 698 1540 739 tractatum.

97 751 236 807 Camp.
260 764 402 794 tractu.
489 753 559 793 An
588 756 623 792 ei
652 754 800 795 caedes.
848 753 973 795 Amb.
997 760 1036 795 1.
1065 754 1174 796 Flor.
1196 770 1218 794 a
1236 771 1297 809 pr.
1318 771 1374 796 m.
1397 754 1538 809 Camp.

94 824 285 861 omittunt
313 824 359 861 ci.

206 900 241 951 §.
270 903 344 940 73.
383 900 545 946 'vir-tus,
585 901 714 953 utique
747 908 795 938 et.
853 896 976 939 Amb.
1002 905 1040 940 1.
1072 903 1196 940 utrius
1226 912 1286 953 et,
1326 916 1350 941 a
1375 916 1452 941 sec.
1481 916 1537 941 m.

94 967 218 1005 virtus
245 976 293 1006 ct.
346 965 483 1006 Turio.
516 965 624 1006 Flor.
656 965 770 1006 Alm.
801 969 996 1021 utriusque
1023 979 1072 1008 ct.
1119 968 1239 1009 Voss.
1259 975 1299 1009 2.
1335 970 1450 1007 etiam
1468 983 1540 1021 pro
1678 1006 1679 1011 ,

96 1044 132 1072 et
158 1033 293 1074 habet.
383 1035 630 1074 abstinentia.
681 1033 805 1074 Amb.
835 1040 871 1073 1.
904 1035 1091 1075 absentia.
1189 1037 1310 1077 debet.
1359 1035 1470 1076 Jens.
1501 1044 1541 1074 et
1680 1042 1694 1090 1

95 1101 186 1141 edd.
218 1111 310 1142 ante
339 1100 436 1143 AJd.
470 1102 545 1143 det.
653 1112 757 1141 tutor
786 1113 822 1140 et
851 1113 1100 1156 procurator.
1147 1102 1275 1143 Amb.
1301 1108 1340 1143 1.
1371 1113 1541 1141 tutorum

1217 1183 1238 1204 κ
1430 1191 1432 1194 ,

95 1225 132 1254 et
156 1227 470 1269 procuratorum.
558 1213 783 1270 ἐπαγωγήν.
827 1213 950 1255 Amb.
977 1221 1014 1255 1.
1043 1231 1261 1271 επαρογιην
1298 1215 1345 1269 (κ
1373 1230 1452 1255 sec.
1482 1229 1539 1254 111.

92 1284 404 1337 superscripsit).
515 1283 588 1323 Ex
628 1283 777 1323 tussim.
835 1281 960 1323 Aan.
1002 1289 1040 1322 1.
1082 1283 1129 1322 de
1168 1283 1262 1324 diss.
1375 1281 1540 1337 pupillo.

94 1348 218 1392 Aanb.
241 1357 278 1392 1.
299 1358 337 1393 2.
369 1353 477 1393 Flor.
508 1350 673 1406 popiliO.
790 1353 901 1390 enim.
953 1349 1094 1404 Camp.
1125 1350 1244 1391 Voss.
1265 1355 1305 1390 1.
1336 1353 1541 1390 omittunt.

177 1419 398 1473 imprudens
425 1419 536 1476 prof.
591 1419 731 1471 Camp.
759 1418 934 1470 prudens
960 1418 1070 1475 prof

209 1501 244 1551 ξ.
276 1501 345 1540 74.
402 1498 677 1553 pugnantibus.
731 1496 800 1537 Sic
827 1500 946 1536 etiam
977 1497 1103 1538 Amb.
1130 1503 1168 1538 1.
1196 1497 1303 1537 Flor.
1346 1511 1370 1536 a
1402 1511 1461 1549 pr.
1487 1510 1543 1535 m.

98 1563 189 1606 Par.
219 1572 258 1607 2.
290 1572 337 1606 3..
445 1565 652 1618 adjunctis.
708 1562 833 1604 Amb.
862 1571 899 1604 1.
943 1564 1125 1618 acljzictis.
1188 1563 1311 1605 Goth.
1351 1563 1543 1603 aclvictus.

99 1630 236 1685 Guelf.
267 1649 289 1672 a
320 1649 379 1687 pr.
412 1649 467 1673 m.
498 1635 725 1686 conjunctis.
826 1642 882 1670 est
908 1632 1047 1671 bonnm
1069 1635 1165 1685 just.
1213 1629 1338 1671 Amb.
1365 1636 1401 1670 1.
1435 1629 1544 1669 Flor.

101 1698 242 1753 Camp.
272 1700 382 1741 Jens.
413 1700 535 1741 Tarv.
570 1701 605 1739 b.
631 1702 663 1753 j.
694 1716 726 1739 c.
786 1696 885 1738 Loc.
917 1708 956 1738 et
986 1699 1075 1738 edd.
1110 1707 1202 1737 ante
1232 1697 1363 1738 Stoer.
1388 1700 1420 1751 j.
1451 1714 1481 1737 e.
1506 1697 1541 1735 b.

184 1778 300 1808 retro.
356 1766 461 1808 Item
501 1764 622 1808 Amb.
645 1771 683 1806 1.
723 1764 831 1805 Flor.
861 1780 884 1805 a
911 1781 971 1820 pr.
1001 1781 1056 1804 m.
1089 1776 1202 1806 recte.
1321 1763 1543 1803 dissimilia.

97 1833 204 1875 Flor.
234 1834 359 1876 Amb.
385 1842 425 1876 2.
457 1850 618 1890 quoque
658 1833 821 1873 similia.
938 1849 1013 1872 non
1043 1833 1188 1871 habuit.
1249 1830 1375 1872 Goth.
1405 1849 1442 1869 n.
1474 1831 1546 1869 ἦα-

97 1902 235 1942 buerit.
324 1903 445 1954 Quem
473 1905 556 1957 quis
587 1911 693 1940 amat
720 1925 777 1932 -——-
807 1900 954 1940 habuit.
1002 1899 1111 1939 Flor.
1142 1900 1242 1939 haec
1269 1902 1408 1948 ,omnia
1427 1901 1548 1938 omit-

98 1972 170 2020 fit,
208 1970 278 2024 sed
307 1971 449 2009 eadem
477 1979 631 2011 vetusta
658 1984 801 2009 manus
830 1983 949 2021 super
976 1970 1127 2006 lineam
1155 1970 1342 2020 reposuit.
1453 1968 1544 2005 sint.

97 2035 207 2077 Flor.
247 2052 269 2076 a
307 2053 366 2090 pr.
399 2053 455 2077 m.
491 2048 591 2077 sunt.
709 2035 942 2076 indubitata.
994 2033 1119 2076 Amb.
1143 2041 1181 2075 1.
1211 2034 1320 2074 Flor.
1352 2048 1375 2072 a
1401 2049 1460 2087 pr.
1489 2047 1546 2072 m.

100 2120 262 2160 quoque
296 2105 488 2146 dubitata.

213 2175 250 2225 §.
292 2178 360 2214 75.
429 2174 524 2213 haec
564 2173 847 2227 consequentia.
907 2169 1032 2212 Amb.
1077 2175 1121 2210 1.
1166 2170 1263 2210 haec
1297 2169 1545 2222 insequentia.

100 2239 209 2280 Flor.
249 2256 272 2280 a
300 2257 358 2294 pr.
389 2256 444 2281 m.
486 2241 581 2281 hacc
611 2257 855 2294 consequens.
949 2235 1223 2294 παρεπόμενα.
1276 2234 1404 2276 Aan.
1437 2239 1475 2273 1.
1506 2238 1546 2273 2-

102 2304 208 2348 flor.
238 2325 511 2363 pat-egomena.
595 2319 743 2364 postca.
800 2306 936 2348 Guelf.
965 2321 1105 2361 poena.
1201 2314 1267 2344 aut
1320 2313 1374 2342 ut.
1423 2299 1548 2340 Amb.

106 2382 144 2416 1.
176 2393 224 2415 ac
240 2376 329 2432 sut.
443 2392 570 2415 rerum
608 2378 709 2430 ipsa.
772 2372 909 2415 Guelf.
939 2377 967 2415 i.
999 2389 1033 2414 r.
1101 2372 1242 2425 Camp.
1273 2369 1396 2409 Goth.
1428 2370 1550 2408 omit-

105 2454 195 2484 tunt
231 2446 332 2498 ipsa.

217 2513 256 2561 §.
296 2516 362 2552 76.
439 2521 721 2566 argumentum.
779 2508 915 2550 Guelf.
957 2516 1224 2562 argumenta..
1328 2512 1550 2557 sequuntur.

107 2576 241 2619 Guels.
283 2590 475 2619 secuntur.
536 2578 661 2620 Amb.
696 2585 733 2620 2.
770 2587 964 2618 secantur.
1025 2573 1149 2615 Goth.
1189 2571 1306 2614 Voss.
1339 2577 1378 2612 2.
1419 2585 1552 2609 conse-
