1721 2974
189 168 269 205 326
317 176 319 179 ’
626 164 899 219 supplementa
927 165 1189 204 annotationis

193 275 304 316 Sich.
381 291 383 295 ·
435 279 531 316 veri.
607 275 676 317 Sic
717 278 839 315 etiam
876 275 983 317 Flor.
1027 292 1051 317 a
1087 293 1143 331 pr,
1185 291 1241 317 m.
1308 275 1392 319 Sed
1427 277 1553 320 Amb.
1595 284 1635 320 1.

194 359 296 385 vere.
411 344 564 383 similis.
622 343 727 383 Flor.
758 359 779 382 a
800 360 856 397 pr.
878 360 931 385 m.
961 344 1139 385 similius.

759 465 796 508 C
827 480 855 507 A
889 484 928 508 P.
987 466 1076 509 III.

302 548 333 597 §.
366 551 400 584 1.
458 559 555 597 quae
580 568 637 575 —-—
654 545 814 599 judicis,
870 544 989 587 Voss.
1016 553 1052 588 2.
1093 564 1130 602 q.
1163 550 1244 587 risu
1268 549 1303 602 j.
1360 545 1497 588 Turio.
1528 561 1551 586 a
1582 561 1643 600 pr.

190 625 246 651 m.
277 611 393 652 Alm.
423 613 577 664 quaeris
609 623 650 651 ut
679 615 718 651 in
741 613 826 667 jud.
885 613 996 654 Flor.
1028 630 1051 654 a
1070 631 1129 668 pr.
1151 630 1204 655 m.
1234 631 1410 670 quaeres
1431 617 1472 654 in
1494 614 1639 669 judice.

276 681 499 718 intentione.
546 678 682 721 Turio.
713 695 734 719 a
755 697 811 734 pr.
832 696 886 722 m.
914 684 1172 736 intemptione.
1258 682 1494 738 frequenter.
1533 680 1643 722 Flor.

192 761 216 786 a
245 762 303 799 pr.
332 760 388 786 m.
424 761 503 789 om.
620 751 671 787 sit
711 758 850 788 autem.
907 748 1013 790 Flor.
1046 766 1084 790 a.
1115 767 1148 789 s.
1261 752 1448 791 maoeimi.
1505 749 1643 792 Turio.

189 815 381 852 maxime.
508 813 697 856 Graecae.
765 815 891 858 Amb.
937 823 975 857 1.
1021 815 1188 858 Graeca.
1253 817 1388 858 Tul-ic.
1429 832 1452 856 a
1491 832 1550 870 pr.
1585 831 1643 856 m.

193 877 408 929 Graecam,
453 897 477 921 a
507 898 585 926 sec.
608 899 662 923 m.
696 882 880 925 Graecus.
996 884 1096 924 alter
1123 885 1218 926 Lat.
1274 883 1412 925 Turio.
1442 899 1464 924 a
1493 900 1554 938 pr.
1584 898 1642 924 m.

187 960 309 987 mser.
341 964 376 986 a.

306 1015 341 1064 §.
372 1020 412 1055 2.
473 1014 552 1072 (ἴῃς
582 1017 661 1072 huj.
696 1036 749 1059 re.
809 1017 876 1061 Sic
907 1021 1029 1059 etiam
1058 1018 1164 1060 Flor.
1223 1018 1306 1060 Sed
1334 1017 1461 1059 Amb.
1485 1023 1523 1057 1.
1553 1016 1645 1057 Tu-

188 1082 260 1122 rio.
298 1097 320 1120 a
352 1098 410 1136 pr.
448 1098 504 1124 m.
548 1084 629 1141 def.
670 1086 761 1126 kuic
797 1090 862 1126 rei.
986 1087 1108 1126 (licta.
1169 1085 1290 1127 Goth.
1320 1086 1453 1126 ducta.
1568 1101 1646 1124 non

189 1148 345 1203 displic.
402 1149 542 1206 Camp.
572 1170 642 1193 nec
671 1153 710 1194 d.
824 1158 947 1207 jocos.
994 1154 1118 1194 Amb.
1144 1159 1179 1194 1.
1210 1151 1350 1194 Turio.
1380 1152 1489 1194 Flor.
1521 1152 1645 1195 Goth.

190 1214 330 1271 Camp.
361 1217 482 1259 locos.
813 1240 815 1242 ·

303 1287 338 1334 §.
369 1291 407 1326 3.
468 1290 507 1326 in
529 1290 603 1342 ips.
627 1297 674 1327 et.
734 1288 857 1330 Goth.
878 1299 916 1329 ct
936 1292 976 1329 in
996 1292 1068 1343 ips,
1184 1288 1410 1344 qff'ectator.
1453 1287 1582 1329 Amb.
1606 1294 1644 1329 1.

189 1353 315 1392 etiam
345 1355 583 1409 officiatior.
642 1356 767 1398 labor.
819 1357 888 1398 Sic
922 1361 1043 1396 etiam
1069 1354 1193 1396 Amb.
1218 1361 1254 1396 1.
1287 1354 1395 1396 Flor.
1425 1354 1475 1409 (a
1493 1371 1570 1396 sec.
1590 1371 1644 1396 m.

189 1417 341 1474 Iaber).
455 1424 496 1461 in
526 1439 568 1463 eo
597 1424 762 1465 videtur.
820 1424 888 1465 Sic
920 1428 1042 1464 etiam
1070 1422 1178 1463 Flor.

305 1489 342 1538 §.
376 1491 416 1529 4.
477 1490 586 1529 Nam
623 1502 658 1529 et
700 1495 751 1534 in.
818 1491 929 1532 Jens.
972 1501 1011 1531 et
1052 1492 1140 1530 edd.
1181 1499 1272 1530 ante
1311 1490 1410 1530 AJd.
1453 1493 1647 1530 omittunt

191 1563 240 1594 et.
355 1555 533 1596 altercat.
580 1557 703 1599 Goth.
736 1559 829 1614 (hic
859 1570 899 1599 et
923 1557 1186 1613 plerumque)
1217 1556 1354 1611 Camp.
1382 1558 1563 1598 altricat.

189 1623 412 1676 quisquam.
471 1624 606 1665 Turio.
643 1642 664 1666 a
695 1643 755 1680 pr.
787 1642 844 1666 m.
875 1626 983 1667 Flor.
1017 1629 1189 1680 quisque.
1289 1628 1378 1680 ipsa
1406 1625 1490 1666 illa.
1533 1625 1647 1666 Sich.

192 1691 314 1728 etiam
343 1690 415 1729 illa
444 1694 542 1745 ipsa.
657 1697 720 1732 sit.
783 1691 918 1734 Guelf.
951 1697 1040 1732 sim.
1155 1691 1205 1731 ab
1235 1708 1295 1731 or.
1324 1708 1401 1732 non
1415 1692 1462 1748 f
1517 1692 1645 1734 Amb.

192 1761 231 1796 1.
273 1761 422 1798 omittit
462 1776 560 1808 non,
609 1761 680 1800 sed
720 1776 797 1801 see.
836 1775 891 1800 m.
931 1762 1076 1812 adjecit
1115 1775 1191 1798 non
1230 1768 1323 1798 ante
1361 1759 1427 1799 ab.
1563 1759 1644 1801 sed.

191 1820 326 1865 Guelf.
362 1836 410 1865 ct.

306 1894 342 1942 §.
373 1898 413 1934 5.
478 1893 711 1951 Utinamque
741 1895 808 1935 lib.
870 1893 938 1935 Sic
969 1897 1092 1935 etiam
1119 1892 1246 1934 Aan.
1276 1898 1313 1932 1.
1343 1892 1453 1933 Flor.
1555 1893 1645 1935 libr.

190 1957 294 2000 εᾶἰτῐ.
356 1959 492 2015 Camp.
523 1962 581 2002 ccl.
614 1962 640 2003 Ζ.
756 1973 835 2001 tres
865 1962 953 2002 hac.
1001 1961 1140 2001 Turio.
1172 1976 1195 2000 a
1224 1977 1283 2014 pr.
1312 1976 1367 2000 m.
1397 1954 1561 2002 tris‘ac.

190 2027 451 2069 indulsissent.
513 2028 648 2070 Guelf.
680 2030 959 2070 inclnloeissent.
1078 2027 1277 2082 eligendis.
1331 2025 1467 2067 Guelf.
1498 2028 1648 2082 elegen-

192 2093 267 2135 dis.
383 2097 652 2150 congerendis,
711 2096 844 2138 Guelf.
876 2098 1176 2150 congregandis.
1292 2095 1477 2148 objectus.
1533 2095 1647 2136 Flor.

191 2161 373 2215 abjectus.
437 2165 546 2204 Sich.
579 2168 701 2204 etiam
730 2173 778 2204 ut
810 2165 873 2205 ed.
1004 2175 1047 2204 ut
1075 2166 1115 2202 in
1144 2165 1262 2204 omni.
1320 2161 1458 2204 Turio.
1489 2167 1548 2203 uti
1574 2180 1647 2204 no-

188 2245 297 2280 men,
353 2246 377 2269 a
409 2247 487 2273 sec.
515 2248 570 2273 m.
601 2247 694 2272 cum
725 2230 857 2273 Guelf.
888 2233 950 2270 uti
977 2233 1154 2270 nominis.
1204 2228 1347 2284 Camp.
1379 2233 1504 2274 u1i4in
1525 2233 1646 2274 omni,

303 2299 339 2350 ᾧ.
373 2304 411 2338 6.
467 2316 658 2339 summam
689 2303 756 2340 rei.
813 2298 939 2340 Amb.
978 2304 1016 2339 1.
1058 2301 1115 2337 rei
1139 2314 1303 2338 summa.
1418 2296 1642 2337 ridiculum.

188 2364 327 2405 Turio.
361 2365 542 2406 ridiculo.
636 2366 810 2424 falsum.
860 2366 969 2407 Jens.
986 2365 1230 2423 falsumque.
1322 2374 1378 2402 est
1406 2364 1487 2403 ind.
1535 2364 1644 2405 Jens.

190 2441 229 2472 et
259 2434 348 2474 edd.
380 2448 496 2473 meae
525 2449 665 2475 omnes
693 2449 748 2475 ex
777 2433 858 2474 ind.
973 2437 1128 2473 ratione
1163 2431 1306 2486 aliqua.
1364 2431 1500 2472 Turic-
1531 2446 1554 2471 a
1579 2446 1639 2485 pr.

189 2515 244 2540 m.
277 2505 469 2542 rationem
499 2501 685 2557 aliquam.
808 2511 924 2541 motu.
982 2500 1121 2540 Turio.
1151 2509 1265 2539 metu.

304 2567 457 2620 [Quod
503 2568 760 2621 Spaldingius
821 2571 917 2609 dicit
963 2568 1240 2622 reponendum
1282 2581 1363 2605 esse
1416 2566 1542 2605 nescio
1591 2579 1643 2604 an

191 2636 472 2687 inenarrabili,
522 2638 565 2675 id
603 2639 781 2677 maxime
812 2630 991 2676 ‘dubium
1029 2639 1075 2675 fit
1112 2649 1165 2675 ex
1206 2636 1328 2687 ipsius
1367 2641 1464 2672 nota
1493 2633 1544 2672 ad
1572 2634 1642 2672 lib.
