1721 2974
130 193 181 227 60
564 187 832 243 Snpplcmcnm
862 191 1119 227 annotationis

129 299 171 338 ἰ]
199 299 300 354 quod
327 300 428 357 quod
455 299 590 342 Turio.
704 301 910 350 1rada1m·,·
959 302 1015 340 sic
1046 303 1164 341 etiam
1192 301 1281 343 Par.
1304 307 1342 343 1.
1363 308 1425 353 2.,
1471 319 1555 342 cre-

129 368 245 407 datur
281 369 370 409 Par.
400 374 437 408 6.
469 367 539 423 (3.
573 370 611 407 4.
642 368 801 410 Pottier.
831 370 871 405 iu
904 367 1024 421 edit.)
1066 367 1232 422 Camp.;
1283 368 1418 409 Turio.
1445 369 1553 409 Flor.

127 436 237 475 haud
276 437 394 475 dubie
430 437 537 475 idem
576 437 695 487 dant,
743 450 817 474 nec
866 437 1063 489 intelligas
1109 452 1178 476 cur
1215 436 1471 490 Spaldingius
1518 438 1555 474 ei

126 507 338 557 scripturae
367 513 569 556 tantopere
600 504 838 541 adversetur.

239 573 272 625 ᾗ.
306 576 369 612 18.
427 587 482 609 ω·
519 573 662 608 musice
699 571 799 607 scir-c
837 567 938 609 Obr.
979 568 1102 623 (num
1142 585 1193 609 ex
1221 566 1380 625 Asg.?)
1416 568 1553 609 Turio.

124 637 232 680 Flor.
269 636 392 677 Amb.
422 643 461 678 2.
500 637 617 676 Voss.
640 641 676 674 1.
708 636 798 673 fort.
825 633 950 676 Amb.
977 642 1014 676 1.
1043 641 1166 690 magis
1194 653 1245 676 ex
1274 652 1350 676 usu
1379 635 1555 678 Graeco-

125 720 228 745 rum.
341 706 406 758 qui
433 708 550 743 inser.
581 717 672 741 cnm
706 700 825 742 Bodl.
863 701 1016 743 AJJnel.
1055 704 1172 744 Voss.
1206 710 1245 744 2.
1283 703 1406 744 Bern.
1436 707 1555 743 etiam

124 772 231 813 Flor.
271 770 395 811 Amb.
429 776 466 810 1.
508 785 530 809 a
568 785 626 821 pr.
667 783 721 807 m.
763 767 868 820 (sec.
899 786 998 810 corr.
1028 773 1095 817 vl)
1124 770 1249 809 Amb.
1275 777 1315 811 2.
1348 770 1485 823 Camp.
1516 779 1555 810 et

124 842 214 881 edd.
244 849 334 879 ante
365 837 518 891 Gryph.
552 849 671 890 quem
693 850 929 875 consensum
948 840 981 876 si
1002 836 1137 891 Spald.
1165 840 1422 889 cognovisset,
1451 846 1554 876 certe

122 922 205 948 non
231 910 443 959 refragatus
473 912 569 943 esset
598 902 692 941 huic
721 906 886 954 rationi,
927 919 1004 957 qua
1034 920 1126 943 cum
1153 907 1237 957 ipso
1260 910 1376 956 po‘e‘ta
1394 902 1554 944 Aristo-

121 976 254 1028 phane
285 987 450 1027 persona
479 970 674 1025 quaedam
704 985 755 1007 ex
776 972 991 1010 Menandri
1018 974 1172 1022 sabula,
1211 972 1393 1010 variandi
1422 986 1550 1021 causa,

120 1045 384 1094 conjungitur.
451 1038 532 1079 Sed
568 1037 743 1077 tollenda
783 1045 840 1075 est
878 1040 1002 1087 major
1039 1040 1236 1078 distinctio
1274 1047 1360 1091 post
1397 1038 1552 1078 ‹lemon-

120 1120 234 1150 strat.
357 1105 581 1156 contulerit,-
633 1107 687 1144 ita
725 1106 845 1144 etiam
883 1103 1006 1144 Paris.
1038 1110 1074 1144 1.
1107 1110 1145 1145 3.
1178 1107 1218 1144 4.
1266 1104 1403 1145 Turio.
1441 1105 1549 1146 Flor.

120 1176 243 1216 Amb.
265 1182 304 1216 2.
346 1178 436 1214 fort.
467 1173 592 1213 Aan.
616 1176 654 1212 1.
769 1182 961 1226 exponent
990 1174 1110 1211 etiam
1139 1171 1247 1212 Flor.
1278 1171 1416 1226 Camp.
1448 1172 1549 1213 Obr.

119 1254 157 1284 et
184 1248 273 1283 fort.
303 1242 426 1282 Amb.
453 1245 490 1280 1.

235 1315 267 1367 ᾗ.
301 1316 367 1350 19.
425 1318 478 1345 est
510 1306 598 1346 hab.
628 1305 765 1346 Turic.
794 1305 902 1345 Flor.
931 1304 1056 1345 Amb.
1083 1311 1119 1346 1.
1152 1305 1287 1348 Guelf.
1319 1306 1456 1360 Camp.

230 1382 261 1433 ᾗ.
292 1384 359 1417 20.
418 1386 598 1430 qnantum
635 1372 707 1412 illa
747 1373 848 1414 Obr.
887 1371 968 1427 (ex
995 1372 1163 1425 Argent.
1193 1375 1394 1428 profecto)
1425 1374 1548 1415 Goth.

120 1446 254 1489 Guelf.
293 1444 429 1484 Turio.
469 1442 576 1481 Flor.
615 1443 704 1479 fort.
743 1440 867 1480 ΑΒΗ).
899 1445 936 1479 1.
1007 1439 1095 1491 [De
1136 1445 1305 1480 carmine
1332 1442 1547 1493 Saliorum,

118 1518 146 1556 ἰ.
169 1531 202 1554 e.
233 1513 360 1552 modis
392 1511 551 1549 musicis
582 1510 631 1547 cf.
663 1508 779 1556 hujus
809 1522 893 1559 cap.
923 1509 954 1560 ξ.
978 1512 1029 1546 32
1060 1523 1216 1556 „suum
1244 1510 1444 1562 quoddam
1462 1525 1548 1549 car..

118 1586 249 1623 men“
278 1579 468 1619 Addend.
498 1580 539 1614 in
569 1577 690 1628 praef.
721 1571 859 1614 VOLI
888 1589 927 1626 p.
953 1572 1190 1628 LXXIX]

231 1650 263 1702 ξ.
294 1652 361 1687 21.
421 1662 446 1685 α.
484 1643 646 1683 Gratiis.
703 1639 763 1680 Ita
802 1639 963 1693 Spald.‚
1010 1644 1137 1691 solus,
1185 1652 1379 1696 quantum
1404 1644 1545 1695 videor,

118 1719 235 1757 ceteri
265 1728 401 1754 omnes
431 1714 618 1751 omittunt
648 1725 695 1759 a,-
731 1711 868 1746 inserit
898 1706 1044 1758 Goth„
1083 1723 1176 1748 cum
1197 1709 1321 1749 Paris.
1344 1715 1380 1749 1.
1409 1709 1546 1750 Turio.

118 1783 256 1836 Camp.
285 1780 405 1822 Bodl.
434 1778 578 1818 Joann.
609 1774 698 1815 Bal.
730 1774 823 1828 (qui
852 1783 986 1813 tamen
1008 1790 1211 1827 perperam
1231 1777 1326 1815 dant
1350 1776 1546 1834 Graecis).

230 1853 262 1904 §.
295 1854 362 1889 22.
420 1846 509 1884 hab.
541 1843 645 1897 clupl.
678 1842 785 1882 Jens.
818 1851 856 1880 et
885 1843 975 1880 edd.
1004 1851 1103 1894 post.
1134 1851 1223 1892 ante
1248 1841 1487 1896 Gryphium.

172 1916 368 1971 ἔμμετρον
406 1915 531 1953 omitt.
573 1913 695 1949 etiam
730 1908 837 1948 Flor.
870 1924 890 1947 a
919 1923 978 1961 pr.
1008 1924 1063 1947 m.
1092 1907 1217 1947 Amb.
1245 1914 1282 1948 1.
1317 1909 1454 1964 Camp,
1511 1923 1545 1950 eg

116 1990 263 2040 μέτρον
292 1983 369 2037 (ex
396 1979 591 2019 emendat.
619 1975 761 2027 Regii)
789 1973 888 2014 Loc.
922 1974 1034 2014 Cerv.
1058 1974 1220 2014 Vascos.
1253 1975 1365 2016 Sich.
1424 1978 1547 2029 [Pro.-

115 2056 224 2094 bavit
251 2052 355 2090 hanc
382 2046 499 2098 Regii
525 2044 845 2083 emendationem
866 2041 1132 2081 Schneider-us
1155 2041 1262 2082 Saxo
1291 2045 1335 2082 in
1363 2047 1546 2085 animad-

108 2123 294 2170 versione
344 2114 626 2168 Spaldingiano
673 2111 890 2161 exemplari
937 2109 1128 2160 adscripta
1176 2111 1335 2163 ejusque
1379 2115 1544 2151 nomine

116 2196 262 2228 notata.
318 2181 455 2235 Itaque
483 2181 602 2219 etiam
628 2192 698 2229 pro
737 2193 794 2215 ac
829 2178 932 2215 sonis
969 2178 1143 2214 malebat
1178 2179 1387 2215 tertium
1422 2182 1540 2219 sonis.

118 2255 199 2295 Sed
224 2266 384 2296 vereor,
431 2256 477 2286 ut
516 2244 758 2296 Quintiliani
795 2252 971 2282 mentem
995 2245 1084 2281 satis
1113 2246 1341 2295 perceperit.
1399 2244 1542 2292 Μέλος

118 2323 213 2361 duas
247 2327 374 2373 partes
412 2315 555 2361 habet,
599 2320 789 2366 quatenus
828 2310 878 2348 acl
906 2312 1023 2348 verba
1053 2311 1265 2362 composita
1294 2318 1332 2349 et
1361 2311 1413 2349 ad
1438 2315 1541 2364 ipsos

116 2402 230 2428 sonos
259 2387 429 2425 musicos
454 2382 637 2434 pertinet.
694 2375 830 2431 Itaque
861 2392 953 2416 cum
981 2391 1109 2415 unum
1134 2374 1256 2426 μέλος
1286 2385 1374 2415 ante
1396 2376 1540 2428 Quint,

118 2455 339 2508 opposuerit
364 2453 421 2505 τῷ
450 2446 619 2503 ῥυθμῷ,
658 2454 743 2498 post
773 2446 903 2483 divisit
930 2459 973 2482 ac
1005 2444 1052 2481 de
1080 2445 1202 2481 tribus
1230 2446 1402 2494 partibus
1432 2446 1539 2486 dicit,

117 2521 254 2574 Neque
285 2528 341 2558 est
368 2531 438 2556 cur
465 2527 546 2554 vox
576 2513 798 2566 compositio
828 2510 1106 2564 Spaldingium
1133 2510 1329 2550 offendat:
1360 2526 1444 2550 non
1463 2513 1541 2552 dif-

119 2591 193 2627 sm
222 2588 269 2624 ab
299 2600 365 2631 ea,
411 2597 510 2636 quae
539 2580 758 2634 praecedit,
811 2577 1049 2631 copulatione
1077 2591 1231 2626 vocum,
1280 2591 1354 2615 nec.
1384 2579 1540 2617 differre

121 2657 258 2703 debet,
296 2653 371 2690 nisi
399 2650 504 2703 quod
534 2655 667 2687 auctor
694 2660 814 2700 quam
839 2646 1066 2700 inoffi¹nsc1m
1099 2642 1376 2695 copulalioncm
1405 2661 1541 2685 vocum
