1721 2974
215 133 297 172 390
667 130 945 188 Supplementa
983 133 1249 173 annotationis

330 242 367 293 §.
400 248 440 285 9.
498 243 725 298 intelligere.
775 243 843 285 Sic
866 246 987 285 etiam
1005 243 1131 285 Amb.
1157 250 1195 286 1.
1279 256 1361 286 tam
1382 249 1499 287 enim.
1541 247 1667 289 Amb.

222 313 275 362 1.‚
301 310 372 349 sed
393 325 415 350 a
438 322 678 361 correctore,
708 323 741 350 et
762 323 857 352 tam.

328 379 366 430 §.
398 384 463 419 10.
522 378 629 419 Sunt
650 379 751 419 haec
770 380 936 434 quidem
953 381 1133 432 minuta,
1175 394 1252 420 nec
1270 388 1408 420 tamen
1427 383 1669 435 negligenda

219 444 378 485 videtur
404 445 530 485 Aan.
556 451 591 484 1.
621 450 816 500 scriptura
848 459 883 486 et
906 464 1003 502 quae
1021 464 1210 502 quamque
1226 447 1364 488 multa.

332 513 370 563 §.
405 517 469 552 11.
530 512 654 553 altero
689 532 762 569 quo
801 518 923 554 etiam
952 512 1076 555 Amb.
1111 520 1149 556 1.
1266 518 1335 555 vit.
1368 515 1486 557 simil.
1512 519 1669 570 gratia.

217 575 344 619 Amb.
366 584 401 618 1.
420 582 491 619 vit.
512 582 598 620 sim.
623 584 774 622 ratione
800 599 874 636 quo
899 582 1104 637 loquimur.

331 646 365 697 §.
401 650 467 685 12.
526 646 619 688 dici.
666 647 789 689 Amb.
812 655 850 690 1.
882 650 1059 700 (licitur,
1101 652 1211 706 quod
1239 651 1350 690 haud
1381 651 1500 690 dubie
1531 666 1674 691 vermn

218 720 288 752 est.
399 715 641 756 existimarit
671 716 795 758 Par1s.
832 722 870 759 1.
896 725 935 760 2.
968 716 1092 759 Amb.
1114 725 1178 769 2.,
1218 719 1290 758 sed
1317 717 1445 759 Amb.
1470 723 1508 759 1.
1529 721 1675 758 existi-

217 779 353 819 mavit.

268 870 273 874 ·
330 848 366 899 §.
402 853 467 889 13.
526 861 729 892 mutatum.
790 851 858 893 Sic
887 869 1044 906 prorsus
1072 852 1197 894 Amb.
1231 858 1269 893 1.

331 916 369 964 §.
403 917 468 956 14.
530 918 686 960 Zoilus,
741 917 864 961 Amb.
892 927 927 961 1.
965 920 1167 961 theodulus
1199 935 1251 960 ex
1279 929 1443 962 correct.
1478 917 1602 960 Amb.
1630 925 1672 962 2.

218 988 257 1020 et
273 979 396 1023 Paris.
421 988 460 1024 1.
484 985 644 1034 Zoilus,
683 986 809 1028 Paris.
832 994 872 1030 2.
908 988 1061 1028 Caclius
1088 989 1279 1028 exhibere
1301 989 1528 1028 traduntur.

331 1054 367 1102 ξ.
401 1055 468 1093 15.
528 1055 614 1108 ipso
634 1054 714 1096 div.
760 1055 889 1096 Amb.
915 1061 952 1096 1.
974 1059 1080 1110 ipsas
1102 1056 1183 1096 div.
1297 1072 1462 1111 quarum
1481 1054 1609 1096 Ajnb.
1633 1059 1673 1095 1.

217 1116 377 1157 videtm·
392 1122 520 1172 tueri,
563 1139 724 1176 quorum
747 1126 864 1163 estin
884 1122 1009 1164 Paris.
1033 1129 1070 1164 1.
1096 1129 1135 1164 2.
1641 1132 1644 1138 ’

330 1187 366 1237 §.
401 1191 466 1234 16.
527 1199 562 1227 ct
581 1190 713 1229 eadem
737 1214 792 1220 —
813 1194 936 1246 etfig.
986 1191 1054 1231 Sic
1081 1206 1238 1244 prorsus
1266 1189 1390 1231 Paris.
1422 1193 1460 1230 1.
1482 1195 1522 1230 2.
1554 1188 1675 1229 exhi-

217 1252 310 1292 bere
341 1253 542 1296 dicuntur.
596 1255 721 1299 Amb.
747 1263 784 1299 1.
820 1270 863 1297 ut
893 1258 1026 1298 cadem
1053 1283 1110 1288 —
1139 1269 1173 1297 et
1188 1260 1272 1314 fig.
1323 1258 1393 1298 sed
1421 1259 1676 1308 interjectmn

217 1334 310 1358 cum
330 1322 479 1361 lineola
499 1324 695 1368 subducta
716 1328 794 1374 ita,
826 1335 873 1366 ut
893 1335 993 1366 esset
1021 1329 1078 1365 ita
1099 1337 1148 1366 et.
1259 1327 1438 1379 jamjam.
1487 1324 1614 1365 Amb.
1633 1329 1674 1365 1.

216 1396 386 1443 utroque
408 1393 498 1430 loco
520 1395 645 1432 semel
669 1402 829 1433 tantum
851 1395 973 1433 habet
997 1397 1091 1434 iam.

329 1459 365 1506 §.
399 1462 465 1498 18.
525 1475 657 1500 sensus
679 1477 771 1502 esse.
811 1460 879 1502 Sic
898 1460 1028 1502 Aan.
1052 1466 1090 1502 1.
1112 1466 1153 1502 2.
1186 1458 1312 1501 Paris.
1333 1463 1374 1500 2.
1399 1462 1438 1498 6.
1454 1487 1467 1507 ‚
1496 1474 1674 1497 sensuum

217 1537 298 1561 esse
324 1523 450 1565 Paris.
476 1530 513 1566 1.

330 1593 367 1643 §.
403 1598 469 1634 19.
530 1597 570 1633 in
590 1594 696 1636 nullo
716 1611 804 1636 non.
856 1593 982 1637 Amb.
1006 1600 1044 1636 1.
1073 1597 1112 1634 in
1133 1593 1230 1636 ullo.
1285 1591 1402 1633 Idem
1431 1607 1526 1634 cum
1549 1591 1677 1634 Paris.

217 1663 258 1699 2.
277 1657 378 1699 lucet
400 1676 472 1713 pro
495 1660 630 1702 elucet.

333 1729 370 1778 §.
401 1734 469 1768 20.
530 1729 716 1769 adversos
746 1731 859 1770 ictus.
916 1727 1040 1770 Amb.
1086 1733 1125 1769 1.
1172 1726 1360 1768 adversas
1411 1725 1510 1782 (sed
1547 1729 1678 1768 fuerat

217 1803 336 1834 antea
359 1795 572 1851 aclvfrsus)
602 1801 688 1837 sine
719 1801 834 1837 ictus.
947 1795 1119 1851 pondere
1142 1795 1273 1835 moclo.
1323 1793 1391 1834 Sic
1422 1792 1548 1834 Amb.
1573 1799 1610 1834 1.
1633 1800 1675 1835 2.

218 1869 259 1901 et
288 1861 413 1903 Paris.
435 1869 474 1904 2.
499 1869 536 1905 6.
593 1863 713 1919 pond.
738 1864 838 1904 mole
868 1862 992 1904 Paris.
1024 1869 1061 1903 1.

331 1934 367 1982 §.
401 1936 470 1972 21.
530 1933 683 1988 officere
704 1932 906 1971 tendimus.
965 1930 1030 1970 Ex
1058 1929 1184 1969 Ajnb.
1208 1935 1244 1969 1.
1278 1929 1386 1967 nihil
1407 1930 1454 1967 ab
1479 1927 1676 1969 Obrecht.

219 1998 413 2050 scriptura
454 2001 686 2040 intendimus
725 2001 878 2056 officere
914 2000 1117 2038 diversum
1146 2006 1334 2048 notatur,
1385 2011 1474 2035 eam
1510 2004 1677 2036 tuentur

219 2067 341 2104 etiam
360 2066 484 2107 Paris.
509 2072 546 2108 1.
570 2075 623 2119 2.,
653 2067 792 2122 Spald.
814 2076 951 2107 autem
970 2065 1092 2106 Amb.
1115 2071 1155 2107 2.
1187 2064 1312 2105 Paris.
1338 2068 1377 2104 6.
1403 2064 1612 2104 exhibent.

333 2135 370 2184 ᾗ.
402 2140 470 2175 22.
531 2136 689 2176 ostendo
722 2139 843 2176 etiam
872 2133 993 2174 Amb.
1024 2140 1061 2174 1.
1086 2140 1127 2174 2.
1159 2131 1282 2172 Paris.
1311 2137 1349 2171 1.
1369 2138 1409 2172 2.
1444 2148 1503 2185 pr.
1535 2145 1674 2180 mann,

221 2202 345 2241 altera
366 2202 579 2244 ostendam.
693 2220 810 2258 quam
828 2205 905 2242 sint
924 2205 1044 2241 etiam
1064 2198 1188 2240 Amb.
1211 2205 1248 2240 1.
1268 2205 1307 2240 2.
1338 2198 1463 2239 Paris.
1490 2203 1526 2238 1.
1549 2202 1588 2238 6.

335 2271 371 2322 §.
403 2275 472 2311 23.
531 2274 583 2310 sit
611 2294 669 2302 —
695 2271 879 2326 qualitas,
929 2267 1054 2309 Aan.
1079 2273 1117 2309 1.
1147 2270 1225 2307 sint
1250 2291 1308 2298 —
1335 2265 1562 2321 qualitate&

222 2340 450 2378 enuntiatio.
500 2338 628 2379 Aan.
652 2344 690 2379 1.
715 2339 965 2377 renuntiatio.

334 2406 371 2456 §.
407 2407 476 2446 24.
532 2423 673 2461 parum
694 2409 892 2445 intuentes.
952 2403 1088 2444 Etiam
1113 2401 1240 2443 Amb.
1266 2406 1304 2442 1.
1331 2402 1483 2441 omittit
1507 2398 1675 2453 diligen-

224 2481 306 2524 ter,
346 2474 417 2512 secl
438 2475 590 2514 habent
609 2473 735 2514 Paris.
761 2480 799 2514 1.
822 2478 864 2514 2.

336 2543 371 2593 §-
404 2545 472 2582 25.
531 2559 650 2596 neque
668 2565 724 2573 —
742 2556 863 2595 neque
889 2541 1012 2579 etiam
1043 2536 1168 2578 Amb.
1203 2541 1240 2576 1.
1266 2541 1307 2576 2.
1357 2535 1428 2575 sed
1448 2551 1587 2575 nec—
1607 2549 1675 2573 nec

224 2605 347 2647 Paris.
372 2612 411 2649 1.
431 2614 472 2649 2.
588 2608 642 2649 ad
669 2608 836 2649 literam.
885 2605 1009 2648 Amb.
1040 2611 1074 2646 1.
1105 2604 1159 2645 ad
1179 2603 1344 2644 litteras.
