1721 2974
149 164 205 201 72
595 160 868 215 Supplementa
898 161 1163 200 annotationis

153 280 318 326 postet-r.
349 281 444 313 ante
473 272 586 316 Sich.
700 284 846 329 poscet.
903 283 1043 327 poscat
1074 271 1199 314 Goth.
1230 288 1323 314 cum
1345 274 1436 316 edd.
1457 274 1609 317 aJens.

154 354 280 395 usque
310 341 361 380 ad
391 340 523 383 Colin.
578 344 708 396 poscit
736 341 872 382 Guelf.
986 344 1126 381 utaris.
1186 352 1317 382 utores
1344 341 1483 384 Turio.
1506 359 1528 383 11
1548 359 1609 397 pr.

153 422 211 448 m.
268 419 382 447 urar-e
419 407 545 450 Amb.
581 416 620 450 1.
736 411 951 448 orationem
989 405 1070 462 (cf.
1100 408 1213 450 Add.
1245 412 1289 449 in
1317 412 1442 463 praef.
1472 409 1570 450 Vol.
1590 408 1611 449 Ι

153 489 245 528 pag.
278 473 527 532 LXXXI).
604 475 665 516 lta
707 478 828 515 etlam
874 474 984 516 Flor.
1024 475 1152 517 Amb.
1182 483 1222 518 2.
1261 476 1387 518 Paris.
1419 482 1459 518 1.
1496 483 1538 519 2.
1569 482 1610 518 6.

153 539 294 596 Camp.
327 542 430 584 Obr.
460 546 552 584 fort.
573 543 698 583 Amb.
723 548 762 583 1.
876 543 1103 585 tradendus.
1152 544 1324 584 traditus
1343 547 1463 584 etiam
1482 543 1610 585 Amb.

154 615 196 651 2.
225 609 351 652 Paris.
375 617 417 652 2.
440 617 480 652 3.
499 612 540 651 4.
600 610 811 650 tradendus
838 609 966 652 Paris.
990 617 1054 665 1.3
1107 615 1252 667 reliqui
1279 612 1396 653 codd.
1425 614 1610 653 silentur·

234 679 439 732 putabunt.
494 678 686 732 putabant
714 676 853 720 Turio.
895 693 918 717 a
946 694 1008 733 pr.
1037 694 1093 720 m.
1123 678 1234 720 Flor.
1573 715 1575 718 .
1600 705 1604 708 ·

267 747 301 799 ᾗ.
335 751 402 789 13.
461 745 674 785 Dabuntur
714 745 810 786 illis.
869 745 925 785 D.
957 755 992 785 et
1024 745 1084 786 ill.
1114 745 1242 787 Amb.
1274 750 1313 787 1.
1380 745 1443 787 illi
1469 744 1610 788 Turic-

151 827 175 852 ει
204 828 282 854 sec.
313 828 369 852 m.
401 811 542 866 Camp.
571 813 683 854 Jens.
713 821 753 854 et
782 815 884 854 aliae
904 813 996 854 edd.
1020 822 1116 854 vett.
1232 816 1502 854 successerint.
1548 811 1611 853 Ita

151 883 275 920 etiam
311 880 437 921 Paris.
458 885 496 920 2.
519 881 562 920 4.
591 885 629 921 5.
671 879 798 922 Amb.
820 886 859 922 1.
884 886 948 936 2.3
1002 879 1142 922 Turio.
1172 879 1282 921 Flor.
1316 879 1457 934 Camp.
1485 882 1612 921 silen-

150 956 229 988 tur.
289 958 555 986 successerunt
593 948 718 989 Paris.
751 953 788 989 1.
824 954 864 989 3.
923 949 1001 1004 [In
1032 949 1271 1003 explicando
1302 950 1391 989 loco
1420 951 1505 1003 ipse
1532 950 1610 988 sibi

149 1014 407 1068 Spaldingius
445 1015 603 1055 videtur
640 1018 907 1058 calumniatus
949 1032 1053 1067 esse,
1101 1031 1198 1055 nam
1224 1018 1324 1071 fieri
1362 1031 1520 1071 prorsus
1551 1024 1609 1055 est

149 1091 331 1121 nostrum
356 1083 592 1135 geschehen,
624 1093 664 1124 et
690 1084 838 1139 fircere
865 1088 969 1124 sicut
997 1081 1198 1124 Graecum
1229 1083 1332 1140 δρᾷν
1360 1098 1444 1123 11011
1475 1085 1609 1123 solum

150 1150 200 1188 de
231 1164 276 1188 eo
311 1152 381 1204 qui
411 1154 510 1204 agit,
539 1152 608 1191 sed
629 1155 751 1191 eiiam
781 1154 851 1206 qui
868 1154 1017 1205 patitur
1037 1160 1075 1190 et
1096 1153 1263 1190 omniuo
1281 1154 1325 1189 in
1347 1154 1480 1205 aliquo
1501 1160 1609 1191 statu
1660 1190 1663 1191 ⁷

150 1225 209 1256 est
236 1227 463 1270 usurpatur.
523 1218 585 1260 Cf.
615 1219 827 1259 Heindorf.
860 1220 911 1258 ad
929 1218 1032 1259 Plat.
1055 1217 1234 1272 Sophist.
1266 1219 1299 1272 §-
1323 1223 1372 1259 81
1398 1234 1487 1272 pag.
1508 1220 1606 1259 403.

150 1283 290 1323 Horat.
322 1283 451 1325 Serm.
482 1284 525 1338 I,
559 1292 576 1327 1
597 1318 608 1337 ,
642 1288 708 1326 64.
748 1286 886 1326 Labor
915 1296 1051 1325 autem
1080 1295 1137 1326 est
1166 1289 1236 1325 ille
1266 1286 1442 1339 duplex,
1485 1300 1608 1340 quem

148 1355 313 1405 suscipit
340 1357 623 1405 grammaticus
651 1357 771 1393 etiam
799 1356 915 1393 initia
943 1353 1160 1393 rhetorices
1191 1352 1408 1405 docendL]

728 1477 819 1518 CA
853 1493 891 1519 1³.
957 1475 1019 1517 ΙΙ.

263 1557 295 1609 ξ.
336 1563 377 1596 2.
448 1573 590 1595 necess.
632 1559 679 1610 ej.
723 1560 795 1596 rei.
862 1559 910 1610 cj.
952 1574 985 1595 r.
1025 1573 1064 1595 τι.
1109 1553 1245 1595 Guelf.
1283 1554 1394 1596 Jens.
1436 1565 1476 1597 et
1511 1557 1604 1598 edd.

145 1632 309 1676 posterr.
342 1633 432 1664 ante
465 1624 623 1674 Colin.‚
666 1639 754 1663 exc.
785 1623 885 1664 Ald.

261 1693 294 1745 ξ.
327 1697 366 1732 3.
426 1703 469 1731 ut
500 1702 531 1730 et
563 1702 637 1731 ten.
697 1702 732 1730 ct
762 1707 843 1732 om.
876 1691 987 1734 Jens.
1021 1700 1060 1731 et
1091 1693 1191 1730 aliae
1222 1692 1314 1731 edd.
1336 1701 1432 1732 vett.
1463 1690 1602 1734 Tul-Ic.

145 1773 169 1798 a
197 1775 257 1813 pr.
288 1774 343 1799 m.
375 1770 411 1798 ct
440 1770 495 1799 111.
1163 1799 1165 1802 Α

259 1829 292 1881 ᾗ.
324 1829 365 1868 4.
422 1829 521 1866 satis
551 1837 620 1866 est.
678 1837 742 1866 sat
771 1836 827 1865 est
858 1825 967 1869 Flor.
997 1824 1125 1865 Amb.
1154 1830 1190 1865 1.
1217 1832 1256 1866 2.
1289 1825 1426 1867 Guelf.
1458 1825 1599 1880 Camp.

142 1893 258 1935 Sich.
315 1894 493 1949 Utraque
522 1896 650 1933 forma
680 1895 786 1947 apud
817 1892 992 1944 Quintil.
1023 1895 1224 1948 frequens.
1285 1893 1347 1934 Cf.
1378 1896 1482 1933 infra
1513 1909 1600 1947 cap.

143 1964 170 2001 4
203 1964 235 2016 §.
260 1968 300 2002 3.
413 1978 603 2001 summam
642 1972 790 2015 praest.
822 1961 963 2000 abstin.
1023 1977 1134 1999 suam
1160 1970 1309 2014 praest.
1340 1961 1442 2001 abst.
1472 1959 1600 2001 Amb.

145 2035 185 2070 1.
214 2029 324 2070 Flor.
356 2044 379 2069 a
407 2045 486 2070 sec.
516 2044 573 2069 m.
689 2028 914 2068 iradamnr.
971 2026 1033 2068 Ita
1059 2031 1181 2067 etiam
1208 2026 1316 2068 Flor.
1346 2027 1473 2068 Amb.
1499 2033 1536 2067 1.
1557 2035 1598 2069 2.

141 2095 267 2137 Paris.
301 2102 339 2138 1.
360 2102 401 2138 2.
425 2103 465 2138 3.
496 2095 637 2150 Camp.
696 2095 900 2135 tradentur
938 2095 1064 2137 Paris.
1093 2102 1132 2136 5.
1195 2094 1294 2148 [Ad
1319 2105 1457 2135 notam
1484 2110 1599 2134 suam

145 2164 194 2203 de
231 2167 398 2204 notione
435 2167 546 2205 verbi
585 2166 802 2217 astringere
839 2162 980 2217 Spald.
1021 2164 1200 2204 addidit:
1253 2162 1358 2214 „Cfi
1389 2163 1440 2201 ad
1469 2161 1596 2204 Attio.

146 2236 212 2283 10,
236 2237 259 2271 6
289 2248 329 2285 p.
352 2236 431 2273 159
462 2247 484 2271 a
512 2240 624 2286 pater
650 2256 707 2262 —-
736 2232 933 2286 quidquid
962 2246 1034 2285 ego
1066 2233 1258 2281 astrinxi,
1298 2230 1524 2282 relaxat.“]

258 2301 290 2352 ξ.
335 2303 374 2340 5.
444 2302 497 2338 sit
536 2315 676 2339 sermo.
745 2315 871 2338 sermo
910 2301 961 2338 sit
997 2297 1123 2339 Aan.
1159 2303 1196 2338 1.
1229 2303 1269 2338 2.
1308 2295 1447 2338 Turio.
1486 2296 1595 2338 Flor.

147 2363 281 2406 Guelf.
324 2364 448 2407 Goth.
497 2365 637 2419 Camp.
685 2376 725 2406 et
765 2370 943 2421 reliquae
982 2366 1074 2405 edd.
1116 2374 1206 2403 ante
1247 2361 1402 2418 Gryph.
1527 2381 1596 2405 nec

144 2442 284 2473 tamen.
342 2450 419 2474 ηοιι
448 2444 477 2474 i.
517 2434 643 2474 Goth.
683 2433 802 2475 Voss.
824 2440 864 2475 2.
896 2442 936 2473 et
965 2434 1056 2473 edd.
1087 2435 1239 2486 aliquot
1267 2440 1363 2471 vett.

259 2502 293 2554 ξ.
325 2507 364 2541 6.
426 2518 495 2541 nec
523 2501 686 2555 malign.
717 2518 784 2541 nec
813 2501 972 2556 effusus.
1032 2516 1107 2540 reon
1136 2500 1204 2555 ‘ff
1236 2515 1304 2539 nec
1327 2498 1422 2539 mal.
1452 2498 1591 2553 Camp-

260 2570 292 2621 ξ.
326 2574 365 2607 ὃ.
424 2568 560 2608 audita
593 2569 777 2624 rofi-rant.
837 2567 1034 2607 auditores
1064 2567 1138 2624 ref
1170 2566 1308 2607 Turio.
1337 2565 1446 2606 Flor.
1476 2565 1590 2607 Alm.

144 2635 263 2675 Bodl.
295 2634 434 2688 Cfflnp.
456 2636 588 2677 Andr.
620 2635 722 2677 Obr.
754 2639 843 2676 sort.
865 2634 990 2676 Amb.
1015 2640 1050 2676 1.
1114 2633 1285 2692 rufe-runt
1314 2631 1428 2675 Alm.
1455 2631 1592 2674 Turio.
