1757 2979
287 135 341 175 aa
361 135 492 188 Quint.
512 134 610 176 last.
633 132 691 186 Χ,
713 140 750 186 3,
773 139 823 175 Μ
842 139 973 175 -32,
1018 135 1059 186 4,
1081 140 1119 176 2.
1143 140 1180 176 3.
1222 138 1260 185 5,
1287 134 1424 175 1-7,
1493 135 1573 176 423

137 247 425 303 [Ciceroniana
443 251 543 290 rofio
561 249 735 302 postulat
753 250 1052 291 coniunctivum
1070 245 1302 302 impediant,
1340 249 1409 287 sed
1430 249 1479 288 ab
1498 247 1573 288 hae

135 320 270 370 regula
288 320 367 368 jam
388 318 551 356 desolvit
582 314 756 369 Quintil.
782 314 914 368 usus.]
1568 311 1571 313 ⁵

247 386 283 435 §.
314 389 383 426 29..
442 383 515 424 hoc
534 399 615 436 cog.
657 382 724 424 Sic
745 382 835 424 Par.
860 388 896 423 6.
946 383 1041 423 haec
1063 398 1096 424 c.
1120 381 1210 423 Par.
1236 386 1272 422 1.
1295 387 1331 422 2.

247 453 284 502 §.
318 457 384 492 30.
442 453 482 491 in
503 449 617 506 quod.
666 451 755 490 Par.
780 456 816 491 1.
843 458 880 491 2.
908 455 944 491 6.
976 453 1016 490 in
1044 466 1142 505 quo,
1175 458 1295 490 recte.
1392 447 1571 490 illideret.

132 517 224 559 I’ar.
255 524 294 559 2.
335 517 565 558 illideretur.

244 587 280 637 §.
310 591 376 627 31.
436 585 572 626 crebra
595 584 802 636 relatione,
834 586 976 640 quood.
1024 585 1092 628 Sio
1110 584 1200 628 Par.
1226 590 1265 624 2.
1288 599 1365 625 sec.
1386 599 1439 623 m.
1489 599 1573 624 cre-

133 653 203 694 bro
231 652 432 704 relationi,
477 651 582 708 quod
609 652 697 694 Par.
722 658 757 693 1.
782 658 818 693 6.
849 663 884 693 et
916 652 1040 694 Aan.
1066 659 1105 694 2.
1161 653 1238 693 Hio
1267 661 1304 692 et
1332 654 1572 705 intinguitur.

130 720 409 772 [Hermannus
436 721 542 773 apud
568 719 601 760 F
603 721 851 762 rotscheruln
879 723 1096 775 legendum
1124 723 1292 772 conjecit
1321 719 1458 759 crebra
1482 718 1574 758 reli-

132 789 271 827 ctionis
296 810 354 819 —
382 790 625 842 repetitione,
683 789 793 845 quod
837 789 943 830 nihil
991 790 1102 828 aliud
1138 795 1237 826 esset
1276 801 1398 841 quam
1437 786 1574 826 crebra

133 853 342 896 relictione.
411 854 516 895 Mihi
549 855 687 897 crebra
718 854 938 904 relictione,
987 853 1119 908 quoad
1146 856 1386 906 intinguntur
1412 853 1573 902 calami,

130 933 166 960 et
188 924 406 975 repetitione
424 924 680 961 scribendum
700 920 880 971 videtur,
920 922 1101 974 intellige
1122 921 1445 977 membr-anasum,
1476 936 1574 977 quas

128 1003 270 1027 manus
294 989 428 1028 crebro
450 997 487 1028 et
509 989 702 1041 relinquit
726 994 765 1026 et
784 987 968 1042 repetit.]

242 1057 277 1108 §.
307 1060 374 1097 32.
432 1072 467 1096 c.
489 1065 598 1094 erunt
622 1070 710 1094 vac.
748 1052 837 1096 Par.
867 1059 903 1095 1.
928 1060 967 1096 2.
995 1060 1032 1095 6.
1063 1055 1186 1097 Amb.
1209 1062 1248 1097 2.
1272 1073 1306 1096 c.
1333 1071 1416 1097 eum
1431 1071 1470 1095 v.

130 1123 341 1178 adjicienti.
393 1122 483 1164 Par.
505 1126 544 1165 2'.
569 1121 792 1177 adjiciendi.
838 1120 929 1165 I'ar.
954 1129 991 1168 1.
1016 1128 1053 1164 6.
1089 1123 1324 1174 adjicienda.
1408 1122 1574 1181 confim-

131 1191 240 1231 dant.
279 1190 346 1232 Sic
367 1190 457 1233 Par.
485 1196 521 1230 1.
545 1196 585 1230 2.
617 1195 654 1230 6.
687 1188 812 1230 Amb.
843 1196 881 1231 2.

700 1311 860 1354 CAP.
920 1310 1004 1353 IV.

242 1397 279 1446 §.
308 1398 347 1433 2.
405 1403 602 1447 tanquam.
643 1389 711 1432 Sic
731 1389 821 1432 Par.
845 1397 883 1432 2.
908 1397 947 1432 6.
999 1395 1111 1447 quasi
1132 1392 1222 1434 I'ar.
1248 1399 1284 1442 1⁴.

244 1463 282 1514 §.
314 1465 352 1502 3.
408 1470 641 1514 praesentes.
681 1457 808 1500 Amb.
830 1465 869 1500 2.
888 1464 1115 1515 praesentis,
1206 1471 1474 1514 resumserunt.
1505 1459 1573 1502 Sin

130 1528 220 1570 Par.
245 1534 282 1569 1.
307 1533 343 1568 6.
366 1537 405 1568 et
426 1527 551 1568 Amb.
572 1532 612 1568 2.
634 1528 702 1566 sed
726 1538 1018 1581 resumpserunt.
1071 1527 1162 1568 Par.
1186 1534 1225 1569 2.
1259 1531 1518 1569 resumserint.

706 1649 742 1691 G
771 1665 796 1690 A
830 1665 866 1690 P.
937 1649 992 1690 V.

241 1734 278 1784 §.
316 1737 351 1771 1.
408 1729 515 1773 Hoc,-
564 1729 653 1772 I’ar.
686 1735 722 1769 1,.
756 1729 863 1768 haec.
927 1728 1013 1769 Par.
1048 1735 1087 1770 2.
1123 1746 1202 1770 nec,
1307 1729 1572 1770 exuberantis.

130 1799 198 1841 Sic
219 1798 308 1839 Par.
331 1804 369 1840 2.
390 1814 466 1838 sec.
489 1813 544 1839 m.
583 1796 708 1838 Amb.
735 1803 774 1837 2.
796 1796 1093 1851 impetrantibus.
1134 1794 1224 1838 Par.
1252 1802 1288 1838 1.
1314 1802 1351 1838 6.
1372 1813 1427 1837 ex·
1451 1799 1573 1852 impe-

133 1866 321 1907 rantibus.
409 1865 462 1904 es't
494 1868 603 1904 abest
623 1868 672 1904 ab
702 1863 828 1904 Amb.
853 1870 890 1904 2.
980 1864 1256 1905 robustiorum.
1296 1864 1387 1906 Par.
1416 1870 1450 1905 1.
1475 1870 1513 1906 2.
1533 1870 1570 1905 6.

134 1935 388 1975 robustorum.

244 2003 280 2055 §.
312 2006 351 2040 2.
416 1999 581 2055 Phryne.
620 1998 711 2039 Par.
736 2004 772 2038 1.
792 2005 832 2039 2.
861 2003 898 2038 6.
925 1998 1089 2054 Phyrne.

246 2071 281 2122 ξ.
312 2070 351 2109 4.
412 2084 487 2108 non
515 2083 645 2123 praes.
699 2066 789 2108 I‘ar.
822 2072 860 2107 2.
892 2082 970 2107 sec.
1001 2081 1054 2106 m.
1089 2080 1168 2109 om,
1201 2082 1287 2106 non.
1345 2065 1432 2108 Par.
1471 2072 1506 2107 1.
1533 2071 1571 2107 6.

134 2137 310 2179 Amb.2.
336 2147 370 2178 et
387 2152 450 2190 pr.
475 2135 540 2175 hic
564 2137 684 2175 etiam
706 2134 905 2175 audacior.
992 2133 1135 2173 eadem.
1164 2132 1255 2173 Par.
1279 2138 1315 2173 1.
1331 2139 1369 2175 2.
1387 2139 1425 2174 6.
1447 2132 1572 2175 Amb.

136 2213 175 2249 2.
199 2204 368 2244 eandem.

246 2274 281 2325 §⁴
314 2277 351 2314 5.
408 2270 698 2324 paraphrasim.
748 2269 839 2312 I'ar.
872 2274 909 2308 6.
939 2266 1218 2324 παράφρασιν.
1272 2267 1362 2309 Par.
1395 2273 1433 2309 1.
1463 2268 1572 2324 aepl-

137 2352 300 2396 φρασιν.
337 2338 461 2379 Amb.
485 2344 523 2378 2.
547 2351 629 2377 non
649 2337 827 2378 dissentit
853 2338 901 2376 ab
924 2338 1015 2376 edit.
1034 2335 1176 2376 Burm.

251 2409 287 2459 §.
321 2412 359 2447 6.
416 2416 518 2460 post.
562 2404 629 2446 Sic
648 2404 736 2446 Par.
754 2410 791 2446 6.
830 2416 986 2460 praeter
1007 2403 1149 2446 Par.2.
1241 2420 1332 2445 esse.
1363 2401 1430 2445 Sic
1453 2405 1572 2445 etiam

139 2474 261 2516 Amb.
291 2480 329 2516 2.

252 2544 286 2594 §.
317 2547 357 2584 7.
416 2541 483 2581 An
504 2557 604 2580 vero.
645 2538 712 2580 Sic
737 2540 826 2581 Par.
853 2546 889 2581 1.
913 2547 950 2581 2.
970 2546 1008 2582 6.
1048 2540 1171 2582 Amb.
1187 2546 1224 2581 2.
1249 2557 1298 2580 an
1316 2555 1415 2579 vere.
1498 2555 1572 2580 non

143 2611 212 2650 bis.
255 2609 344 2652 l‘ar.
370 2614 406 2650 1.
428 2615 469 2651 2.
493 2613 532 2648 6.
563 2608 684 2649 nobis.
