1721 2974
170 176 249 214 324
601 169 875 225 Supplemenio
920 169 1184 209 annotationis

285 285 323 336 ξ.
354 287 421 324 26.
481 282 700 323 movendo&
750 279 885 321 Turio.
921 295 942 319 ει
962 296 1022 334 pr.
1046 295 1101 320 m.
1132 279 1350 320 movendus.
1461 297 1619 323 movea-

174 369 272 394 mur.
319 349 442 393 Goth.
473 359 712 389 moi-eantur.
830 364 920 388 nam
943 359 979 387 et
1007 348 1146 389 luctus.
1202 347 1343 402 Camp.
1374 363 1451 388 om.
1482 360 1532 390 et.

175 425 308 461 etiam.
374 419 442 461 Sic
487 420 607 458 etiam
649 415 756 455 Flor.
885 415 1105 470 vultumque
1141 425 1304 457 tansum.
1370 415 1478 456 Flor.
1516 427 1544 456 1.
1582 431 1621 456 υ.

173 504 267 530 cum
298 487 437 540 Camp.
560 482 994 523 accommodaverimus.
1048 481 1174 524 Amb.
1207 487 1244 523 1.
1273 498 1430 538 quoque
1465 499 1624 523 accom-

174 556 429 597 modarimus.
523 549 634 590 alind
659 561 725 590 est.
773 548 914 604 Camp.
947 561 1001 589 est
1031 549 1086 591 αἷ.
1172 550 1435 591 disertissime.
1480 549 1622 591 Turio.

175 624 458 665 dissertissimo.
566 620 642 658 ira.
698 616 836 658 Tul-ic.
869 616 988 658 Goth.
1019 617 1128 658 Jeus.
1159 618 1282 659 Tarv.
1312 620 1427 658 iram.
1526 634 1626 658 non-

174 684 364 746 nunquam
395 685 572 726 indoctis.
630 683 698 725 Sic
728 688 848 724 etiam
872 684 999 726 Amb.
1027 691 1064 726 1.
1094 685 1201 725 Flor.
1232 685 1323 726 Par.
1347 691 1385 725 1.
1405 691 1446 726 2.
1505 702 1541 725 n.
1562 687 1626 724 in-

174 760 311 801 doctus
353 759 452 795 item
487 753 610 793 Voss.
640 758 682 794 2.
800 753 957 810 faciat.
1015 752 1224 794 Omittunt
1261 752 1385 794 Goth.
1423 751 1545 794 Voss.
1567 757 1624 793 2.

259 840 377 880 quam
406 820 520 877 quod.
578 820 686 860 Flor.
718 834 742 860 a
768 836 828 873 pr.
858 836 913 860 m.
946 837 1187 875 quamquam.

288 894 324 945 ᾧ.
357 895 426 930 27.
494 892 536 928 in
573 890 636 928 iis.
705 886 843 929 Tul-ic.
886 886 1022 929 Guelf.
1066 888 1178 930 Sich.
1220 891 1261 928 in
1303 887 1378 928 his.
1511 903 1625 942 quae.

173 961 282 1002 Flor.
327 957 467 1011 Camp.
513 972 673 1011 quoque.
794 958 971 997 verisim.
1009 973 1101 998 esse.
1161 955 1300 996 Turic.
1338 954 1446 995 Flor.
1484 953 1624 1007 Camp.

174 1046 204 1069 e.
233 1043 271 1068 v.
386 1025 604 1081 afficiibus.
665 1021 801 1064 Guelf.
833 1023 1045 1079 ffciibzcs.
1160 1040 1185 1063 α
1211 1023 1296 1063 tali.
1354 1023 1492 1063 TurIO.
1525 1037 1546 1061 a
1566 1038 1626 1075 pr.

175 1111 232 1137 m.
275 1092 329 1134 acl
366 1093 449 1132 iali-
563 1108 623 1131 me
655 1093 720 1146 qui
758 1093 798 1130 in
834 1091 909 1130 lzoc
950 1090 1027 1132 (lic.
1086 1089 1153 1131 Sic
1183 1095 1305 1130 etiam
1333 1090 1466 1141 Flor.,
1504 1090 1575 1130 sed
1604 1104 1627 1128 a

173 1179 252 1204 sec.
275 1177 330 1201 m.
350 1175 443 1200 cum
462 1158 553 1200 Par.
576 1164 614 1199 1.
640 1165 676 1200 2.
696 1175 747 1198 m.
772 1175 858 1198 cum
881 1158 918 1198 h.
943 1158 980 1196 cl.
1023 1157 1149 1199 Amb.
1176 1163 1213 1199 1.
1235 1176 1294 1197 me
1313 1158 1387 1198 hoc
1408 1158 1485 1198 dic.
1570 1173 1624 1198 se.

175 1231 244 1272 Sic
274 1232 395 1268 etiam
424 1226 551 1267 Amb.
574 1232 611 1266 1.
644 1225 739 1281 (sed
768 1229 877 1279 prius
910 1225 1153 1281 concitasse)
1184 1226 1292 1267 Flor.
1321 1226 1412 1266 Par.
1433 1230 1469 1265 1.
1562 1225 1629 1264 icl-

173 1315 258 1354 que.
326 1295 454 1338 Aan.
489 1299 526 1334 1.
565 1293 609 1333 iel
647 1293 759 1348 quod.
826 1293 933 1333 Flor.
975 1294 1018 1333 iel
1059 1296 1167 1348 quia.
1293 1295 1436 1346 agenti.
1491 1291 1628 1333 Etiam

172 1365 302 1407 Amb.
341 1371 376 1404 1.
416 1363 526 1403 Flor.
570 1363 736 1415 agentis·
802 1361 910 1402 Flor.
956 1377 979 1402 a
1017 1378 1095 1402 sec.
1137 1376 1193 1402 m.
1233 1363 1387 1402 aientis.
1503 1359 1627 1403 dabit.

174 1432 313 1485 Cfflnp.
344 1430 469 1474 slahis.
579 1432 766 1484 patietur.
828 1427 951 1470 Goth.
978 1432 1169 1484 patiatur.

290 1502 326 1553 ᾗ.
358 1503 426 1539 28.
486 1500 575 1538 nisi.
636 1496 778 1551 Camp.
810 1499 902 1537 sine.
1015 1495 1108 1536 ulla.
1167 1494 1309 1550 Camp.
1350 1494 1436 1536 illa.
1552 1511 1629 1536 non

173 1569 276 1622 ipsa.
336 1564 404 1606 Sic
435 1568 557 1604 etiam
584 1565 692 1605 Flor.

287 1635 324 1686 ᾧ.
355 1637 425 1673 29.
486 1634 723 1688 officiuntur.
766 1630 875 1671 Flor.
907 1631 1137 1687 efficiamur.
1251 1641 1429 1672 nostram
1453 1641 1630 1686 potesta·

174 1711 262 1741 tem.
306 1694 389 1740 'Sic
424 1702 549 1739 etiam
576 1699 668 1739 Par.
693 1703 732 1738 ’1.
845 1714 1011 1738 cernere.
1071 1692 1196 1739 Amb.
1231 1704 1271 1740 1.
1311 1702 1434 1738 etiam
1463 1715 1625 1739 censere.

169 1765 315 1820 Camp.
344 1783 447 1807 cern.
479 1764 581 1806 ocul.

287 1835 324 1886 ᾗ,
358 1838 425 1873 30.
485 1833 717 1888 conceperit.
776 1831 844 1873 Sic
891 1834 1012 1871 etiam
1053 1830 1232 1883 Cervic.3
1274 1830 1381 1871 Flor.
1411 1833 1510 1870 item
1540 1847 1627 1871 coe-

171 1902 288 1956 perit.
346 1898 473 1941 Aan.
505 1906 543 1941 1.
576 1902 733 1955 ceperit.
847 1898 970 1938 Hunc
1011 1899 1185 1957 quidam.
1244 1897 1372 1938 Amb.
1405 1902 1441 1939 1.
1480 1900 1515 1937 is
1543 1900 1630 1953 qui-

173 1968 285 2015 clem,
338 1982 362 2006 a
390 1983 466 2008 sec.
501 1982 556 2007 m.
587 1968 659 2007 has
690 1965 863 2021 quidam.
922 1966 1027 2006 Flor.
1057 1966 1129 2005 has
1157 1965 1320 2020 quidem.
1434 1964 1633 2022 εὗφανιαα

175 2034 341 2076 σι’ωτον.
396 2033 524 2074 Amb.
546 2040 584 2075 1.
617 2046 949 2075 ειπαντισισοτον.
1056 2033 1126 2073 Αη
1155 2049 1261 2073 vero.
1311 2032 1436 2074 Amb.
1460 2040 1497 2075 1.
1520 2034 1627 2077 Flor.

175 2101 268 2142 Par.
299 2107 337 2142 1.
378 2105 500 2142 etiam
536 2100 636 2141 nihil
671 2117 778 2143 vero.
900 2102 985 2141 hae.
1046 2099 1184 2154 Camp.
1221 2117 1298 2140 eae.
1418 2102 1624 2157 quaedam.

174 2167 315 2210 Turio.
345 2185 374 2209 a>
386 2186 445 2223 pr.
467 2185 521 2209 m.
552 2169 736 2225 quadam.
853 2168 1003 2223 loquor.
1061 2166 1123 2209 Ita
1152 2171 1274 2208 etiam
1300 2166 1488 2210 Amb.>1‚
1514 2168 1622 2210 Flor.

258 2237 554 2292 prosequuntur.
615 2236 752 2277 Turio.
780 2247 1051 2291 prosecuntur.
1177 2237 1377 2288 navigare.
1434 2235 1571 2278 Turio.
1601 2252 1625 2277 a

175 2309 234 2358 pr.⁸
261 2320 318 2345 m.
350 2302 486 2345 Guelf.
519 2307 719 2357 navigari.

288 2376 324 2425 §.
357 2373 449 2414 31.'
484 2372 775 2428 transferemus.
829 2371 940 2413 Jens.
971 2381 1011 2412 et
1040 2372 1130 2412 edd.
1165 2379 1258 2410 ante
1285 2366 1381 2409 Ald.
1412 2370 1624 2428 transfferi-

173 2455 271 2481 mus,
378 2439 452 2480 At.
501 2439 568 2480 Sic
599 2442 721 2479 etiam
749 2437 871 2480 Amb.
896 2444 932 2481 1.
962 2439 1069 2480 Flor.
1099 2439 1189 2479 Par.
1215 2443 1251 2478 1.
1353 2454 1504 2491 queror.
1553 2438 1624 2494 Sie-

176 2509 298 2546 etiam
325 2505 448 2547 Amb.
479 2513 517 2548 1.
555 2507 665 2548 Flor.
705 2508 796 2548 Par.
827 2512 864 2548 1.
988 2507 1191 2546 accidisse.
1248 2503 1369 2546 Amb.
1396 2510 1433 2546 1.
1460 2505 1570 2547 Flor.
1599 2522 1621 2547 a
1688 2534 1690 2537 »

174 2588 234 2625 pr.
267 2588 323 2615 m.
362 2573 563 2615 occidisse.
679 2575 817 2616 oculis.
875 2572 999 2615 Amb.
1042 2580 1079 2614 1.
1120 2572 1268 2614 oculos.
1325 2572 1461 2613 Turio.
1502 2590 1622 2614 occu·
1688 2575 1689 2581 ’

177 2638 236 2679 Iis.
358 2640 637 2685 exclamabit?
684 2641 748 2683 vel
785 2642 959 2696 rogabit.
1017 2640 1154 2683 Turio,
1183 2654 1206 2680 a
1234 2655 1294 2694 pr.
1323 2654 1379 2681 m.
1412 2639 1622 2682 exclama-
