1721 2974
172 172 248 209 124
605 167 874 223 Supplemcnla
902 170 1161 208 annotationis

165 283 272 320 linus
300 282 342 319 in
372 282 500 321 lexico
528 282 695 322 laudato·
718 284 804 320 loco
832 278 1007 320 Senecae
1039 283 1152 334 epist.
1182 285 1233 324 58
1261 291 1352 323 ante
1375 286 1479 326 med.
1501 300 1594 340 pro-

166 350 258 387 bat:
300 347 387 387 Una
404 351 557 401 syllaba
587 357 664 399 est,
703 362 824 402 quam
851 356 1004 388 mutare
1028 363 1109 388 non
1129 364 1300 402 possum.
1360 350 1477 403 Quae.
1495 353 1594 394 haec

165 418 234 463 sit,
273 414 463 469 quaeris?
500 414 546 456 τὸ
579 414 656 465 ὄν]
771 413 1020 455 demonstrat.
1081 415 1310 456 demonstret
1341 416 1481 472 Camp.
1502 427 1518 435 ⁹

277 485 314 533 §.
347 487 411 524 15.
470 482 653 522 incident.
713 478 774 520 Ita
810 479 946 521 Turio.
975 481 1082 522 Flor.
1116 481 1242 524 Amb.
1276 489 1317 525 2.
1348 483 1471 526 Paris.
1495 490 1532 526 1.
1552 492 1592 528 2.

165 555 202 590 3.
237 549 401 603 Calnp.;
441 549 616 590 incidunt
639 550 758 600 primi
788 548 982 589 dederunt
1009 549 1108 590 Sich
1136 550 1295 603 Colin.;
1343 554 1433 592 fort.
1465 561 1523 593 est
1551 556 1596 592 iu

162 617 287 658 Amb.
313 623 350 657 1.
453 620 494 656 in
522 632 611 670 qua.
673 618 715 654 in
741 630 857 668 quam
885 615 1011 656 Amb.
1035 621 1072 656 1.
1182 617 1287 659 laud.
1321 629 1388 663 aut
1417 621 1486 660 vit.
1533 618 1596 660 Ita

165 683 303 737 Camp.
363 683 468 723 laud.
512 699 560 723 ac
597 684 665 721 vit.
707 684 828 720 etiam
866 681 994 722 Amb.
1025 688 1062 723 1.
1108 683 1231 724 Paris.
1265 690 1302 726 1.
1329 691 1368 726 2.
1399 690 1438 728 5.
1494 690 1594 735 vit.-,

162 752 273 792 suad.
325 749 406 799 Ita,
437 766 515 790 om.
547 760 614 788 aut
642 751 764 788 etiam
790 748 895 790 Flor.
922 749 1044 792 Paris.
1069 757 1104 790 1.
1126 758 1163 792 2.
1186 757 1224 792 3.
1246 751 1371 792 Amb.
1391 759 1431 794 2.
1454 752 1594 807 Camp.

163 819 263 860 Obr.
303 821 393 858 fort.
430 816 557 857 Amb.
591 821 628 856 1.
734 827 811 855 ¹aux!
847 815 1019 858 clissuacl.
1079 835 1128 858 ac
1167 819 1265 860 diss.
1306 823 1428 860 etiam
1457 819 1593 861 Turic-

161 889 301 938 Camp.
414 887 594 923 minuere.
652 882 861 922 diminuere
899 882 1019 924 Goth.
1059 885 1175 927 Voss.
1210 893 1251 927 2.
1293 903 1387 929 cum
1414 886 1522 927 Jens.
1555 897 1595 928 et

158 963 259 1007 post.
297 961 388 992 ante
418 950 593 1005 Gryph.‚
636 965 722 989 exc.
753 949 865 991 Sich.
981 954 1308 1006 componendisve.
1368 970 1596 1008 componen-

160 1023 293 1075 disque
323 1019 444 1061 Goth.
478 1018 594 1059 Voss.
618 1023 657 1058 1.
688 1018 781 1071 (hic
810 1019 967 1058 videtur
997 1035 1103 1059 error
1130 1020 1271 1061 Burm.
1308 1036 1380 1074 pro
1408 1020 1526 1062 Voss.
1551 1027 1592 1062 2.

159 1092 210 1129 cf.
237 1088 367 1129 Praef.
400 1089 449 1138 ej.
479 1100 569 1140 pag.
593 1086 647 1138 5)
686 1101 779 1126 cum
814 1085 923 1126 Jens.
964 1095 1003 1126 et
1030 1096 1130 1139 post.
1160 1097 1253 1128 ante
1282 1086 1465 1141 Gryph.,
1505 1103 1594 1128 exc.

155 1155 254 1197 ΑΜ.
286 1155 398 1196 Sich.

270 1223 305 1275 §.
341 1227 406 1262 16.
460 1219 524 1260 Ne
561 1221 637 1260 his.
695 1237 742 1259 ne
776 1222 826 1259 iis
864 1218 987 1267 Goth.
1024 1235 1118 1267 cum
1153 1219 1262 1261 Jens.
1303 1229 1343 1261 et
1370 1229 1472 1274 post.
1503 1230 1596 1262 ante

158 1291 271 1333 Sich.
387 1288 493 1328 laud.
520 1312 578 1320 -—
606 1287 720 1327 (idib.
777 1287 888 1328 Haec
917 1291 974 1327 ita
1005 1290 1173 1341 Camp.:
1214 1286 1475 1327 laudationem
1499 1299 1596 1328 mat.

158 1354 752 1406 honestarumsdeliberazivum
791 1352 897 1407 (hoc
936 1357 1127 1393 ultimum
1162 1369 1255 1393 cum
1283 1353 1442 1407 Flor.),
1480 1358 1597 1395 nullo

156 1441 287 1465 sensu.
401 1433 633 1462 tractantur.
690 1431 884 1460 tractatur
914 1422 1011 1460 dant
1040 1425 1161 1460 etiam
1187 1420 1296 1461 Flor.
1326 1420 1454 1462 Amb.
1488 1427 1526 1462 1.
1552 1428 1594 1463 2.

158 1492 283 1533 Paris.
310 1496 346 1530 1.
369 1496 409 1531 2.
430 1494 469 1530 5.
502 1488 644 1541 Camp.
759 1488 951 1528 honestas.
1001 1488 1159 1527 honesta
1179 1492 1300 1527 etiam
1319 1481 1427 1528 Flos·
1452 1487 1593 1542 Camp.

158 1558 284 1599 Amb.
307 1564 345 1597 2.
455 1556 580 1610 judic.
612 1559 736 1594 iuven.
798 1557 875 1594 inv.
900 1555 984 1610 jud.
1017 1553 1139 1595 Goth.
1172 1571 1266 1595 cum
1293 1555 1400 1596 Jens.
1432 1565 1471 1595 et
1492 1565 1594 1608 post.

159 1637 250 1666 ante
281 1625 392 1666 Sich.
506 1623 657 1677 aliquid
686 1638 828 1662 corum.
886 1622 991 1662 Edd.
1020 1638 1121 1662 rece.
1151 1638 1175 1662 a
1203 1621 1356 1677 Gryph.
1388 1639 1514 1678 usque
1543 1624 1595 1662 ad

159 1693 268 1734 Gibs.
311 1693 446 1747 aliqua
486 1705 615 1730 eorum
653 1690 769 1744 quid,
818 1690 929 1729 haud
960 1691 1077 1730 dubie
1107 1699 1244 1730 contra
1284 1691 1400 1730 codd.
1431 1705 1594 1742 omnes3

157 1765 201 1800 in
229 1763 372 1801 nostris
402 1767 506 1800 certe
534 1758 639 1796 nihil
667 1760 853 1798 variatur·

684 1879 951 1921 CAPUT
1009 1877 1064 1918 V.

271 1958 480 2013 InscriptIO
499 1959 597 1998 haec
617 1962 660 1997 in
679 1957 815 1997 Turio.
840 1957 946 1997 Flor.
967 1954 1093 1995 Amb.
1114 1964 1284 2010 utroque
1308 1953 1443 1997 Guelf.
1469 1954 1592 1997 Goth.

158 2037 198 2068 et
235 2028 324 2066 edd.
365 2029 549 2066 omnibus
588 2034 742 2079 praeter
779 2023 919 2076 Camp.
959 2022 1058 2077 (qui
1095 2038 1294 2077 nusquam
1321 2026 1594 2076 mseriptiones

159 2093 251 2148 dat)
289 2094 389 2135 Obr.
434 2092 582 2134 Gesu.:
646 2092 791 2145 Quibus
829 2093 1069 2132 contineatur
1115 2092 1236 2130 omnis
1271 2087 1420 2146 (Goth.
1462 2093 1591 2130 omitt.

157 2162 305 2215 omnis)
337 2163 439 2201 ratio
469 2160 638 2200 (licendi.

272 2233 307 2281 §.
342 2234 379 2268 1.
439 2244 493 2268 ex
523 2231 572 2267 iis
599 2248 655 2256 —
685 2241 742 2266 ex
771 2228 834 2265 iis.
883 2223 945 2263 Ita
974 2223 1110 2263 Turio.
1157 2238 1212 2262 ex
1231 2223 1291 2262 his
1318 2232 1486 2277 utroque
1503 2225 1591 2262 loco

160 2298 303 2335 retinet
331 2295 456 2335 Amb.
480 2301 545 2347 1.;
585 2298 735 2348 primus
764 2296 821 2331 ita
850 2293 974 2331 edidit
1004 2291 1113 2331 sich,
1230 2301 1408 2343 quartam
1423 2299 1589 2342 partem.

156 2374 261 2416 part.
295 2373 423 2416 quart.
454 2362 590 2403 Turio.
621 2365 730 2403 Flor.
760 2358 886 2400 Amb.
912 2364 948 2398 1.
981 2356 1102 2399 Goth.
1131 2355 1264 2398 Guelf.
1379 2355 1460 2409 adj.
1483 2355 1590 2410 quid.

159 2429 264 2483 quid.
297 2429 376 2482 adj.
411 2429 551 2484 Calnp.

271 2500 306 2548 §.
343 2503 381 2536 2.
442 2500 546 2537 item.
608 2507 732 2546 autem
762 2503 820 2534 est
847 2496 966 2534 etiam
995 2496 1039 2531 in
1067 2492 1202 2532 Turio.
1233 2505 1257 2530 a
1274 2506 1349 2530 sec.
1370 2505 1424 2530 m.
1449 2487 1588 2543 Camp-

159 2561 281 2602 Paris.
314 2569 353 2602 2.
397 2571 437 2602 et
471 2565 588 2604 Voss.
617 2570 683 2615 2.:,
733 2570 934 2615 receptam
970 2562 1118 2613 primus
1159 2558 1269 2596 dedit
1305 2557 1449 2608 Sich.,⁵
1488 2571 1592 2611 quae

161 2631 353 2682 reperitur
391 2633 434 2668 in
474 2630 599 2671 Paris.
635 2636 673 2671 1.
708 2633 746 2671 5.
867 2627 1012 2667 debeat.
1071 2623 1132 2666 Ita
1175 2624 1280 2664 Flor.
1321 2621 1447 2664 Amb.
1478 2629 1515 2665 1.
1549 2629 1590 2664 2.
