1721 2974
175 135 230 176 ad
250 134 411 190 Quintil.
438 132 534 174 Insi.
559 131 682 183 VHI,
705 139 750 176 2.
767 133 805 184 §.
835 135 1030 174 13-23.
1079 135 1118 172 3.
1140 131 1173 185 §.
1200 135 1362 172 1—23.
1422 135 1504 171 379

176 249 210 301 ᾗ.
244 252 284 288 6.
339 247 469 288 Arist.
491 263 604 302 quoq.
634 243 807 286 eandem.
856 241 980 285 Amb.
1016 244 1153 283 verbb.
1183 243 1322 282 ordine
1350 250 1503 282 mutato

5 340 6 343 =
63 315 239 355 Eandem
269 314 398 355 Arist.
433 330 594 369 quoque.

174 383 212 435 §.
242 386 283 422 7.
338 384 494 421 virtutis
513 391 542 421 t.
565 381 639 420 his.
676 378 801 421 Amb.
821 381 1006 419 virtutum
1026 376 1150 432 (prius
1173 375 1369 430 virtutem)
1391 387 1417 417 t.
1440 378 1504 418 iis.

175 452 206 504 ᾗ.
236 455 278 491 8.
336 443 542 488 amenas
567 450 667 487 item
692 448 848 502 liquido
877 445 1003 486 Amb.

175 519 208 570 ᾗ.
240 521 278 558 9.
328 512 570 571 fructiferis.
628 513 764 554 Etiam
781 513 905 555 Amb.
919 511 1164 568 fi·1cgzfiris‚
1192 526 1267 551 nec
1287 513 1507 567 quicquam

62 586 189 625 obstat
206 584 422 638 quominus
440 583 667 633 recipiatur.
760 581 920 621 trahant
944 581 1054 619 idem
1078 583 1220 620 melius
1243 581 1391 621 trahat.

173 652 209 705 ᾗ.
241 654 308 690 11.
356 659 398 688 ut
416 647 532 703 quod.
574 646 754 703 Liquido
774 647 898 688 Amb.
922 657 1058 687 auctor
1077 650 1122 688 fit
1139 648 1256 699 hujus
1274 651 1508 701 scripturae.

174 720 208 772 §.
241 722 308 757 13.
364 732 440 756 non
460 715 569 754 debet
589 718 806 770 quisquam.
854 713 977 755 Amb.
1010 732 1057 754 ne
1084 715 1191 754 debet
1219 716 1384 771 quidem.
1463 732 1508 755 eo

60 789 199 825 minus.
248 783 348 826 Obr.
373 792 479 823 recte
501 784 658 823 videtur
677 784 843 822 edidisse
871 792 907 820 et
928 784 1065 824 minus.
1111 780 1236 824 Amb.
1261 799 1285 824 a
1301 799 1362 838 pr.
1381 798 1508 823 manu

61 855 219 893 eminus.
306 850 361 891 ad
380 861 476 890 mat.
524 849 648 891 Amb.
668 852 867 889 materiae.

174 921 210 972 §.
243 922 308 961 15.
367 921 587 972 conjuncta.
634 916 760 957 Amb.
791 920 923 956 iuncta
954 914 1076 971 (fort.
1100 919 1273 968 vincta).
1367 935 1509 973 quam-

59 1003 178 1042 quam
206 988 428 1027 rectissime.
484 984 610 1026 Amb.
642 994 682 1025 et
701 984 734 1024 F
738 987 807 1024 lor.
836 987 1099 1038 interponunt
1123 988 1234 1026 enim.
1291 984 1387 1026 Post
1408 1001 1509 1026 uuus

59 1054 188 1095 Amb.
219 1057 390 1095 sciamus
415 1053 516 1093 nihil
545 1063 725 1093 ornatum
746 1067 845 1099 esse,
888 1055 1050 1105 optime.

174 1125 207 1177 §0
240 1126 306 1163 16.
364 1120 465 1162 clar.
491 1130 593 1161 sunt.
640 1118 767 1160 Amb.
794 1121 921 1159 omitt.
953 1129 1054 1159 sunt.
1164 1119 1354 1175 quodque.
1404 1117 1509 1160 Item

59 1189 181 1232 Amb.
209 1206 369 1244 quoque.

173 1259 208 1312 §.
242 1262 310 1298 18.
365 1255 566 1298 cernenda.
613 1253 736 1296 Amb.
760 1253 1039 1306 discernenda,
1083 1269 1163 1309 qua
1182 1256 1374 1307 scriptura
1389 1252 1511 1307 Spal-

62 1326 189 1378 dingii
208 1326 400 1365 dubitatio
425 1326 594 1364 tollitur.
679 1322 734 1361 Et
754 1324 869 1362 sicut.
912 1321 1035 1364 Amb.
1061 1322 1113 1361 Ut
1136 1332 1275 1361 autem.

175 1394 209 1446 ᾗ.
241 1399 307 1433 20.
366 1393 509 1446 effecit.
556 1389 684 1430 Amb.
706 1390 839 1445 efficit.
900 1390 1139 1442 [Proprium
1168 1405 1253 1427 mus
1280 1397 1359 1438 est,
1400 1387 1512 1442 quod

61 1468 107 1499 ut
139 1468 278 1513 aptum
305 1468 404 1499 esset
434 1459 622 1497 effectum
650 1466 709 1497 est
735 1458 914 1510 epitheto
937 1460 1128 1510 exiguus,
1169 1458 1369 1510 simulque
1390 1458 1512 1494 etiam

60 1542 114 1566 ne
147 1531 235 1581 plus
266 1535 591 1581 expectaremus,
643 1539 767 1579 quam
802 1526 906 1564 illud.
928 1527 1060 1577 ipsum
1087 1527 1392 1563 auimalculum.
1449 1520 1513 1561 Ita

59 1611 206 1634 murem
243 1603 376 1634 tuetur
412 1595 675 1644 adjectivum,
742 1601 781 1632 et
806 1594 1068 1645 praemissum
1103 1592 1345 1642 adjectivum
1379 1605 1511 1629 rursus

59 1664 251 1702 lectorem
269 1669 478 1715 praeparat
496 1675 549 1698 ne
571 1660 669 1714 quid
687 1660 838 1712 grande
857 1667 1056 1712 expectet.
1114 1658 1188 1698 His
1210 1659 1368 1698 videtur
1393 1658 1512 1696 dubi-

60 1732 157 1768 tatio
176 1744 199 1768 a
221 1728 457 1782 Spaldingio
470 1736 590 1782 ¹mota
613 1729 705 1767 satis
726 1728 934 1766 commode
953 1728 1067 1773 solvi.
1115 1724 1303 1766 Ceterum
1322 1728 1366 1764 in
1385 1727 1514 1765 colla-

61 1799 171 1837 tione
191 1798 281 1836 cod.
305 1794 426 1835 Amb.
449 1811 533 1834 non
554 1797 688 1834 abesse
713 1798 929 1849 quicquam
948 1802 1121 1834 notatur.

178 1865 211 1916 ᾗ.
241 1868 306 1903 21.
361 1862 552 1902 Sarraco.
601 1860 728 1903 Amb.
755 1865 854 1901 item
880 1878 1054 1902 serraco.

178 1932 214 1985 ᾗ.
246 1934 312 1970 22.
375 1928 510 1968 idiotis
535 1931 631 1982 joci.
683 1929 819 1969 Etiam
851 1928 975 1969 Amb.
1004 1929 1137 1969 idiotis
1168 1928 1216 1967 de
1244 1943 1331 1983 quo.
1388 1924 1514 1978 Quod

66 1999 237 2050 conjecit
256 1995 515 2050 Spaldingius
543 1998 584 2035 in
609 1995 726 2036 dictis
744 2012 884 2037 verum
903 1997 1061 2036 videtur
1073 2027 1084 2047 ‚
1124 1999 1260 2050 itaque
1277 1998 1332 2035 sic
1350 1997 1514 2034 fortasse

64 2070 175 2106 locus
207 2063 499 2103 restituendus:
539 2063 638 2102 uncle
666 2066 819 2103 inter-im
853 2075 993 2117 graius
1024 2066 1065 2102 in
1097 2063 1213 2103 dictis
1246 2063 1390 2114 decor,
1430 2065 1514 2103 sive

1 2146 3 2174 J
65 2135 196 2186 potius
226 2130 353 2185 lepor,
402 2131 513 2185 quod
554 2132 692 2172 doctus
723 2133 888 2186 quidam
921 2133 1074 2182 punicus
1110 2146 1224 2171 meus
1259 2132 1429 2170 invenit.

70 2199 234 2239 Ruscio.
282 2197 410 2238 Amb.
433 2198 505 2238 keu
523 2209 564 2237 tu
579 2197 714 2254 Rufio·
735 2211 771 2238 ct
787 2199 970 2241 Erucius,
1011 2197 1218 2253 Rufionem
1240 2213 1320 2238 non
1343 2195 1516 2236 Ruscio-

0 2270 2 2300 ἰ
67 2285 152 2307 nem
167 2281 309 2307 verum
329 2281 480 2306 nomen
500 2282 581 2306 esse
604 2276 642 2305 et
660 2268 767 2321 apud
789 2266 1024 2309 Ciceronem
1046 2282 1206 2323 quoque
1225 2265 1516 2305 restituendum

0 2353 2 2371 ι
68 2337 203 2376 docuit
240 2349 348 2374 nunc
391 2331 631 2374 Garatonius
674 2336 725 2375 ad
753 2335 1035 2376 Milonianam.
1149 2331 1513 2374 declamationibus.

0 2423 1 2426 ¹
69 2401 188 2444 Amb.
218 2400 545 2441 declamatoribus
574 2405 691 2455 longe
712 2406 1010 2456 significantius.

181 2471 214 2524 ξ.
246 2473 315 2510 23.
369 2469 560 2524 pellucent
581 2480 617 2508 et
636 2486 722 2524 asp.
768 2468 891 2510 Amb.
909 2470 1136 2527 pollicerent
1157 2477 1379 2524 aspergunt,
1409 2464 1516 2504 nihil

0 2530 2 2535 ’
72 2536 121 2574 de
154 2547 216 2588 et,
265 2538 375 2592 quod
415 2536 551 2592 Spald.
592 2537 686 2577 addi
723 2541 868 2579 scribit.
990 2540 1152 2592 gratiss.
1193 2535 1315 2577 Amb.
1354 2546 1515 2590 quoque

0 2611 1 2626 ³
71 2605 321 2657 gravissima.
