1757 2979
155 153 208 193 acl
232 152 363 206 Quint.
389 152 482 192 Ῑιιςί.
509 151 608 199 XII,
630 157 669 202 8,
694 154 860 190 1--13-
902 156 941 197 9,
963 154 1130 189 2--20.
1174 153 1239 200 10,
1260 154 1397 190 1-9.
1457 150 1538 189 445

211 268 249 318 §.
282 272 349 306 11.
409 267 485 305 nisi
506 264 592 321 δι’-Γ.
643 263 731 305 Par.
759 269 796 304 1.
819 268 859 303 2.
881 267 920 301 6.
950 275 1030 301 om.
1055 263 1104 300 si.
1191 273 1420 302 mernerunt.
1472 260 1540 302 Sic

100 334 186 374 Par.
215 340 251 374 1.
275 340 315 375 2.
341 338 379 374 6.
462 333 517 387 pl.
550 332 640 371 adv.
689 330 757 371 Sic
783 330 874 370 Par.
909 334 946 369 1.
970 334 1009 369 2.
1067 327 1370 382 [Obrechiiana
1401 330 1540 369 distin-

96 405 252 453 cfflme,
299 417 401 456 quae
432 403 654 440 orationem
684 399 890 446 concidat,
931 411 1016 436 non
1044 411 1217 449 egemus.
1277 396 1380 436 Nam
1413 400 1538 437 advo-

97 473 175 509 cati
207 471 427 508 contrariae
459 470 579 520 partis
611 469 880 520 proprie-non
913 474 1007 505 suut
1039 465 1251 504 adversarii
1281 469 1428 516 nostri,
1470 467 1539 505 sed

96 539 219 587 fiunt,
261 539 294 579 si
312 537 483 575 lacessiti
501 534 617 584 siut]

208 607 243 653 §.
277 607 342 644 15.
402 602 477 641 hoc
497 601 636 641 solum.
688 600 756 641 Sic
786 600 875 641 Par.
908 605 968 647 1.,
1007 601 1078 640 sed
1108 599 1194 640 Par.
1227 606 1267 641 2.
1299 616 1376 640 sec.
1412 617 1466 640 m.
1499 606 1539 641 6.

96 685 176 711 om.
200 671 286 711 hoc.
374 669 443 708 scd
465 668 574 708 mali.
619 668 686 708 Sic
708 667 800 708 Par.
825 673 862 707 1.
885 673 923 707 2.

209 739 245 788 §.
280 742 345 782 16.
404 753 520 791 quam
541 753 614 776 reS.
658 735 724 776 Sic
746 735 836 775 Par.
862 740 898 774 1.
922 740 959 774 2.
985 739 1024 775 6.
1110 745 1147 773 ct
1171 734 1338 789 sculpto.
1383 735 1474 776 Γᾶν.
1503 743 1538 776 1.

93 811 133 846 2.
155 821 234 846 om.
256 815 304 845 et.
378 803 552 860 fuerint.
592 803 659 844 Sic
678 803 768 843 Par.
791 807 829 842 1.
850 808 890 842 2.
930 801 1101 858 ficerunt
1118 803 1209 843 Par.
1234 809 1272 843 6.
1359 820 1542 844 occurre-

95 875 186 912 rint.
226 872 294 913 Sic
317 872 407 913 Par.
430 877 467 911 1.
490 877 530 912 2.

203 944 240 992 §.
274 945 341 980 17.
400 950 498 978 tota.
551 937 618 979 Sic
647 937 738 978 Par.
768 943 809 978 2.
868 948 961 976 ηοία
996 932 1086 976 I‘ar.
1126 942 1163 977 1.
1195 941 1232 976 6.
1336 940 1541 981 intervelli.

93 1005 161 1047 Sic
180 1006 271 1047 Par.
297 1012 337 1047 2.
359 1022 437 1046 sec.
459 1022 515 1046 m.
567 1004 785 1044 intervallis
805 1003 896 1044 Par.
919 1010 956 1044 1.
983 1009 1022 1043 6.

209 1075 346 1123 §.-‡2o.
404 1074 551 1125 [tutius
581 1072 688 1112 stilo.
745 1071 806 1112 Cf.
836 1071 1075 1112 Buttmann.
1114 1075 1158 1110 in
1188 1075 1311 1125 praef.
1349 1073 1446 1115 Vol.
1478 1073 1542 1116 IV

93 1156 182 1194 pag.
206 1139 318 1180 XVI
337 1144 406 1180 ubi
424 1151 563 1181 notam
585 1155 699 1180 suam
718 1140 909 1192 corrigit.]
967 1156 1157 1194 nunquam
1178 1157 1411 1194 oppressum.
1450 1143 1543 1184 Par.

97 1215 135 1248 1.
157 1226 193 1249 n.
216 1225 404 1262 pressum.
453 1208 543 1250 Par.
563 1215 602 1249 2.
627 1225 701 1248 non
719 1224 908 1262 pressum.
997 1207 1284 1262 deprehensum.
1324 1208 1414 1251 Par.
1442 1217 1478 1251 1.
1501 1217 1540 1252 2.

93 1276 326 1331 (Zepr‘cssllrn.

675 1388 706 1428 C
735 1402 763 1427 A
795 1404 831 1428 P.
903 1387 962 1428 X.

119 1502 122 1509 ·
186 1480 239 1530 §.
274 1483 312 1519 1.
370 1477 507 1517 tabula
523 1477 691 1517 tabulae.
723 1476 790 1518 Sic
812 1477 901 1518 Par.
924 1484 961 1518 1.
977 1482 1013 1518 6.
1049 1479 1131 1519 tab.
1150 1479 1287 1520 tabula
1308 1479 1398 1522 Par.
1419 1489 1459 1524 2.

95 1549 200 1586 actio
222 1549 382 1586 actioni.
424 1546 492 1586 Sic
517 1546 608 1586 Par.
635 1551 672 1585 1.
730 1548 883 1585 actione
903 1549 1022 1586 actio.
1073 1546 1165 1587 Par.
1188 1553 1228 1588 2.
1260 1552 1363 1589 actio
1392 1554 1544 1591 actione

92 1616 182 1656 Par.
207 1619 246 1655 6.
334 1625 376 1653 ut
402 1613 576 1654 Graecis.
624 1612 691 1653 Sic
709 1612 799 1653 Par.
825 1618 861 1652 1.
882 1620 922 1654 2.
951 1619 990 1653 6.

209 1685 244 1735 §.
277 1687 316 1722 3.
376 1681 536 1720 visenda
557 1691 657 1720 sunt.
697 1679 765 1720 SIC
797 1679 888 1720 Par.
916 1686 951 1720 1.
999 1684 1073 1721 vis.
1102 1685 1179 1721 sim·
1206 1682 1296 1723 Par.
1322 1691 1361 1725 2.
1386 1701 1463 1726 sec.
1486 1703 1541 1727 m.

93 1757 141 1797 6.
193 1749 281 1803 [De
308 1749 590 1803 Aglaophonte
621 1751 757 1788 confer
777 1763 887 1787 nunc
907 1747 1111 1802 Silligium
1129 1754 1173 1789 in
1196 1755 1312 1791 catal.
1335 1757 1541 1805 artificum,

93 1823 165 1874 qui
181 1818 380 1870 Bottigeri
396 1820 617 1856 sententiae
639 1817 802 1865 accedit,
835 1816 932 1856 duos
957 1816 1077 1857 fuisse'
1093 1817 1412 1873 Aglaophontes,
1443 1827 1544 1863 alte..

92 1902 185 1926 rum
204 1895 358 1938 patrem
381 1882 598 1937 I'olsssgnoti
624 1893 663 1924 et
680 1883 1003 1936 Aristophontis,
1046 1889 1218 1925 alterum
1242 1887 1543 1942 Asis'tophomis

91 1953 253 2005 filium]
342 1952 581 1991 auctoribus.
620 1950 687 1991 Sic
708 1951 798 1991 Par.
820 1957 860 1991 2.
883 1968 959 1991 sec.
981 1968 1037 1992 m.
1082 1955 1303 2007 pictoribus
1329 1956 1418 1996 Par.
1441 1964 1477 1998 1.
1504 1965 1542 2000 6.

173 2020 417 2076 praeferant.
465 2018 533 2058 Sic
564 2018 655 2059 Par.
678 2024 718 2059 2.
748 2023 786 2057 6.
840 2019 1120 2075 praeferantur
1150 2022 1240 2062 Par.
1270 2028 1307 2063 1.
1400 2026 1545 2066 intelli-

89 2089 210 2142 gendi
235 2087 412 2146 ’‘fi’‘t·
462 2086 554 2127 Par.
584 2092 624 2127 2.
656 2088 682 2125 i.
720 2103 758 2126 u.
786 2085 899 2143 nus.
933 2103 995 2141 op.
1043 2087 1135 2129 Par.
1170 2095 1207 2130 1.
1237 2093 1265 2131 i.
1295 2092 1411 2133 modo
1432 2112 1468 2135 u.
1489 2113 1540 2136 m.

93 2168 148 2196 cst
180 2173 242 2212 op.

207 2227 244 2278 §.
276 2225 317 2264 4.
377 2223 548 2262 Zeuxis.
590 2219 658 2260 Sic
680 2218 771 2260 Par.
795 2226 835 2262 2.
883 2222 1025 2262 Zeusis
1042 2222 1134 2277 Par.
1158 2231 1196 2266 1.
1220 2231 1258 2267 6.
1300 2255 1305 2259 -
1350 2228 1543 2285 Pelopon-

94 2295 214 2334 nesia.
262 2291 353 2332 Par.
381 2296 418 2331 1.
442 2296 483 2331 2.
508 2295 546 2329 6.
566 2288 857 2342 Peloponensia.

207 2364 243 2414 §.
276 2364 315 2400 6.
373 2358 442 2396 sed
460 2358 543 2397 cliv.
586 2355 654 2396 Sic
675 2355 766 2397 Par.
795 2363 833 2397 1.
854 2363 895 2399 2.
919 2362 960 2398 6.

209 2430 246 2479 §.
277 2432 318 2468 7.
379 2426 487 2465 Nam
517 2424 605 2464 dur.
655 2423 745 2464 Par.
776 2431 817 2466 2.
856 2429 979 2465 inser.
1018 2437 1068 2466 et.
1135 2427 1356 2481 [Hegesiae
1392 2445 1542 2470 nomen

93 2506 226 2537 tuetur
246 2498 366 2535 eiiam
385 2492 564 2545 Silfigius
585 2491 663 2532 Vir
684 2493 930 2533 doctissimus
949 2497 994 2532 in
1017 2497 1133 2535 catal.
1154 2512 1194 2548 p.
1217 2497 1333 2548 223.]
1394 2499 1540 2552 rigida.

94 2563 184 2604 Par.
211 2568 249 2603 1.
273 2560 505 2618 2.fi·i3·icla.
598 2559 786 2600 Calamis.
827 2559 894 2601 Sic
914 2561 1006 2602 Par.
1027 2567 1067 2603 6.
1120 2562 1280 2604 Calinus
1301 2564 1391 2606 Par.
1417 2572 1454 2606 1.
1477 2573 1512 2607 2.

207 2633 240 2683 §.
275 2635 312 2671 9.
369 2628 555 2669 creditur.
596 2626 664 2669 Sic
684 2627 775 2669 Par.
799 2633 837 2669 1.
862 2633 964 2669 2.·6.
