1721 2974
341 105 344 112 ¹
376 131 430 172 ad
461 130 792 184 Quintil.11nstit.
824 129 909 185 IV,
939 137 977 174 5.
1011 133 1048 185 §.
1080 133 1253 174 4—11.
1466 147 1546 183 227

198 247 236 299 §.
268 250 307 287 8.
368 245 480 287 liaeo.
540 244 678 286 Guels.
708 245 797 287 hoc.
898 248 1126 300 partitione.
1187 245 1326 289 Turio.
1354 256 1545 304 parrioni.

82 312 191 354 Flor.
220 316 415 368 portione.
534 313 698 353 audivit.
760 311 884 354 Goth.
917 314 1096 354 audierit.
1157 314 1298 369 Camp.
1331 319 1546 363 audiverit,

168 381 232 421 2cm
263 380 496 436 objiciendo.
555 379 685 420 Amb.
711 386 749 421 1.
779 380 843 420 vcl
868 382 1090 422 obicienda.
1185 394 1221 422 et
1250 384 1373 426 utilis.
1433 387 1545 431 Jens.

81 446 183 489 Loc.
215 448 548 489 Ven..01nittuut
577 459 627 487 et.
741 459 848 502 part.
883 461 952 490 cst.
1009 449 1119 491 Jens.
1149 448 1251 491 Loc.
1283 451 1393 492 Ven.
1424 459 1548 495 omit-

81 526 175 557 tunt
205 527 274 556 cst.
372 504 478 571 iyuocl
508 532 675 570 quaque.
737 514 805 556 Sic
835 520 956 557 etiam
986 515 1114 558 Amb.
1136 522 1176 559 2.
1208 517 1299 559 Par.
1325 523 1362 560 1.
1387 525 1426 562 5.
1483 522 1547 564 At

76 583 238 625 Cervic.
271 582 403 625 Colin.
437 586 558 623 etiam
589 581 685 638 quid
715 600 880 640 quaque.
999 595 1041 626 at
1069 587 1118 625 si.
1179 582 1315 627 Guelf.
1352 586 1465 630 Sich.
1495 608 1548 632 ac

82 654 131 692 si.
190 651 302 693 Jens.
341 649 442 691 Loc.
486 650 594 690 Ven.
638 662 671 689 et
703 654 751 690 si.
868 655 991 692 varie.
1050 652 1177 694 Amb.
1209 659 1246 695 2.
1277 660 1432 696 variae.

85 720 348 776 defbndmnus.
407 718 518 760 Jens.
550 727 592 758 et
622 717 713 758 edd.
747 727 839 758 ante
870 719 1000 761 Stoer.
1045 725 1220 776 excepfis
1253 722 1356 764 Bad.
1388 724 1544 779 Cergssc.

83 788 383 845 defimlcrimus.
443 785 546 828 Obr.
579 785 837 842 defendimus.

196 856 234 907 §.
276 862 316 896 9.
391 854 458 894 Ut.
528 853 667 895 Turio.
714 853 824 895 Flor.
866 866 949 895 aur.
1063 859 1101 897 εἰ
1140 859 1213 897 ita.
1273 857 1400 901 Aan.
1434 867 1471 902 1.
1504 869 1547 905 2.

81 921 220 963 Turio.
265 938 288 962 a
324 937 385 975 pr.
427 937 484 962 m.
525 920 634 962 Flor.
678 920 813 963 Guelf.
862 921 971 964 Jens.
1004 926 1041 963 si
1077 924 1165 964 illa.
1239 924 1362 968 Goth.
1399 934 1550 972 omitlit

78 992 152 1030 ita.
266 993 504 1045 partiamur.
566 988 702 1030 Turio.
726 1005 748 1029 a
768 1006 827 1043 pr.
856 1005 912 1030 m.
939 994 1187 1045 pai-ciamur.
1247 992 1381 1035 Guelf.
1410 1001 1549 1051 patia-

79 1075 182 1098 mur.
301 1068 410 1097 tueor
439 1074 544 1096 reum
574 1069 629 1098 ut.
676 1057 743 1098 Sic
775 1061 898 1097 etiam
928 1058 1039 1099 Flor.
1062 1068 1101 1100 et
1130 1064 1303 1102 verisim.
1332 1062 1460 1105 Amb.
1489 1070 1545 1119 1.‚

80 1129 154 1180 qui
182 1141 275 1166 cum
306 1125 424 1176 Obr.,
455 1128 499 1164 in
530 1141 611 1181 qua
637 1141 719 1166 vox
748 1129 820 1165 illa
848 1128 1015 1179 legitur,
1057 1131 1226 1168 collatus
1254 1139 1324 1170 est.
1425 1135 1465 1171 in
1487 1149 1544 1174 eo.

82 1193 252 1235 Omittit
281 1192 408 1233 Aan.
441 1200 481 1234 2.
598 1194 713 1233 lzomo
747 1196 900 1234 occisus
938 1205 1007 1234 est.
1067 1193 1224 1250 Gryph.
1255 1214 1293 1237 0.
1327 1216 1360 1238 e.
1392 1200 1432 1240 h.

81 1273 171 1302 anic
210 1261 266 1301 id.
325 1260 451 1301 Amb.
489 1268 529 1302 2.
572 1260 716 1314 Camp.
759 1271 798 1301 et
836 1263 926 1303 edd.
967 1272 1061 1303 ante
1097 1267 1238 1305 Burm.
1278 1281 1393 1306 meae
1435 1280 1550 1308 anie-

81 1346 198 1384 quam
228 1329 284 1369 itl.
383 1333 608 1383 exequeris.
665 1328 785 1370 Voss.
821 1335 859 1371 1.
885 1330 995 1372 Jens.
1026 1329 1128 1371 LOG.
1157 1331 1267 1373 Ven.
1298 1333 1398 1374 ΑΜ.
1430 1335 1547 1378 Sich.

78 1413 174 1438 cum
214 1401 268 1438 eis
312 1413 374 1451 ap.
417 1397 562 1437 Burm.
605 1400 835 1451 exequaris.
964 1416 1116 1439 necesse
1154 1411 1225 1442 est.
1293 1399 1429 1444 Guelf,
1459 1408 1546 1444 sine

81 1467 202 1505 dublo
233 1469 383 1506 omittit
418 1477 488 1505 est.

193 1534 229 1585 ξ.
263 1538 327 1574 10.
385 1536 700 1589 poieniissimum
737 1544 807 1574 est.
866 1534 994 1575 Aan.
1030 1540 1067 1575 1.
1097 1534 1234 1576 Turic-
1264 1541 1544 1592 potentissime,

77 1604 310 1642 omittentes
352 1613 406 1641 cst
438 1617 530 1641 cum
561 1600 678 1643 AJm.
737 1601 892 1644 Cervic.
922 1605 1231 1657 potentissimum
1264 1617 1333 1644 est.
1446 1624 1548 1661 pro-

77 1672 208 1710 misso.
271 1669 411 1724 Camp.
440 1673 667 1724 promissio.
754 1682 979 1725 patronum.
1030 1670 1158 1711 Amb.
1183 1677 1220 1712 1.
1245 1671 1381 1713 Turio.
1405 1673 1545 1730 Camp.

73 1741 237 1793 patroni
278 1749 348 1778 cst.
437 1741 474 1777 si
503 1749 572 1786 est.
641 1738 779 1779 Turio.
819 1738 928 1779 Flor.
967 1754 991 1778 a
1029 1755 1090 1793 pr.
1120 1755 1178 1780 m.
1219 1738 1331 1782 Alm.
1362 1745 1546 1785 sienim.

136 1804 271 1846 Guelf.
308 1809 423 1846 sicut.
511 1809 547 1846 si
575 1805 647 1848 vel.
707 1805 843 1847 Guelf.
878 1810 937 1847 sic
965 1806 1041 1847 vel.
1130 1824 1267 1862 occup.
1298 1809 1372 1850 vel.
1431 1811 1546 1852 Jens.

76 1870 178 1913 Loc.
205 1873 315 1913 Ven.
358 1877 499 1914 inserr.
529 1877 579 1914 si.
695 1877 737 1914 in
778 1875 930 1930 aliqua.
989 1874 1116 1915 Aan.
1151 1881 1188 1916 1.
1231 1876 1369 1918 Turic.
1411 1883 1545 1920 omitt.

78 1943 136 1980 in.
224 1943 260 1979 si
287 1942 475 1980 moribus.
534 1941 626 1982 Par.
654 1947 691 1982 1.
723 1945 776 1981 sit
804 1960 858 1983 m.
918 1942 1009 1984 Par.
1044 1948 1083 1984 5.
1115 1942 1228 1984 Sich.
1260 1947 1319 1984 sic
1335 1962 1388 1985 m.
1430 1945 1543 1987 Jens.

76 2005 177 2047 Loc.
207 2007 316 2047 Ven.
349 2005 446 2048 Ald.
481 2007 612 2049 Colin.
643 2012 783 2049 inserr.
814 2013 880 2050 cit.
968 2013 1262 2065 incompositus.
1320 2011 1412 2052 Par.
1438 2017 1475 2053 1.
1501 2017 1540 2055 5.

77 2074 189 2116 Sic-h.
222 2079 473 2129 compositus.
530 2075 658 2117 Amb.
679 2083 720 2118 2.
751 2094 838 2117 cum
860 2080 1029 2132 positus.

45 2142 48 2145 ’
191 2143 228 2194 §.
273 2148 337 2183 11.
401 2143 677 2198 Oppianicum.
747 2142 870 2185 Goth.
908 2145 1021 2186 Jens.
1068 2155 1109 2186 et
1142 2145 1232 2186 edd.
1273 2156 1365 2187 aute
1407 2146 1541 2190 Coun.

77 2213 314 2265 opianicum.
375 2209 515 2264 Camp.
550 2211 823 2266 Oprianicum.
920 2214 970 2253 ab
1001 2216 1050 2252 iis
1080 2216 1189 2268 ipsis.
1248 2217 1383 2254 Efiam
1413 2213 1537 2259 Amb.

78 2284 114 2320 1.
143 2277 253 2319 Flor.
282 2282 474 2318 omittunt
496 2282 559 2319 iis.
621 2279 757 2322 Guelf.
789 2280 900 2322 Sich.
922 2280 1054 2322 Colin.
1083 2280 1238 2335 Gryph.
1269 2283 1318 2321 ab
1341 2283 1400 2321 his
1424 2286 1541 2338 ipsis,

166 2346 454 2387 condemnatus.
517 2346 641 2390 Goth.
672 2347 781 2389 Jens.
810 2347 911 2390 Loc.
936 2349 1047 2389 Ven.
1071 2348 1175 2389 Bad.
1204 2349 1336 2390 Colin.
1371 2350 1540 2392 flamna-

77 2423 154 2453 ius.
236 2417 417 2469 pecunia.
476 2415 586 2457 Jens.
614 2414 710 2457 Loc.
732 2416 841 2457 Ven.
870 2420 1072 2472 pecuniae.
1159 2428 1360 2458 tentatum.
1408 2416 1539 2460 Amb.

79 2485 120 2520 2.
157 2482 266 2521 Jeus.
303 2493 545 2538 temptatum.
617 2483 760 2539 Camp.
811 2496 1026 2525 temtatum.
1100 2483 1212 2526 Sich.
1253 2501 1424 2540 sequens
1463 2502 1541 2527 nore

77 2550 193 2599 ponit
231 2559 323 2589 ante
365 2561 396 2590 t.
513 2570 539 2592 α
584 2552 774 2594 Cluentio.
845 2551 969 2593 Amb.
1007 2559 1044 2594 1.
1086 2552 1225 2593 Turio.
1265 2552 1377 2594 Flor.
1422 2552 1538 2596 AJm.

79 2612 222 2669 Camp.
255 2615 379 2659 Goth.
412 2619 529 2662 Voss.
550 2626 587 2662 2.
616 2620 728 2661 Vall.
759 2619 874 2662 Colb.
895 2636 1022 2675 mas-g.
1050 2619 1175 2662 Basil.
1194 2621 1347 2663 Vidov.
1374 2638 1450 2677 pro
1473 2621 1535 2663 ΟΖ.

984 2689 1017 2730 P
1048 2696 1073 2730 2
