1721 2974
376 172 432 213 acl
463 170 625 225 Quintil.
658 169 790 211 Instit.
820 169 903 220 IV,
936 175 975 210 1.
1007 171 1042 223 ς.
1078 176 1277 215 19—32.
1462 171 1553 220 ‘177

210 288 247 338 §.
280 290 350 328 25.
412 286 551 327 durior
583 301 718 326 causa.
778 284 916 326 clm-ior
944 287 1137 327 omittunt
1166 289 1289 328 etiam
1316 288 1424 332 Flor.
1448 307 1470 332 a
1491 311 1550 348 pr.

94 370 148 394 m.
181 353 307 394 Amb.
329 360 392 406 2.;
425 358 468 393 in
497 353 623 394 Amb.
652 358 690 393 1.
722 354 881 393 videtur
908 368 1006 393 esse.
1120 371 1197 394 non
1221 367 1323 396 ante.
1380 364 1555 403 nomzissi

96 425 337 463 macedam
368 420 481 461 Sich.
587 420 705 461 mala.
765 421 908 460 mulum
936 421 1073 462 Tul-ic.
1105 433 1199 461 nutu
1226 422 1353 477 Flor.,
1374 441 1396 464 a
1413 443 1474 480 pr.
1495 445 1550 469 m.

96 499 277 544 uterque.
395 504 544 542 semper
579 489 664 527 init.
696 488 774 528 die.
836 492 891 528 ιή.
925 489 1002 529 dic.
1038 507 1069 529 s·
1101 488 1223 532 Goth.

212 559 249 605 ξ.
282 561 351 597 26.
423 573 707 609 nonnunquam.
777 574 971 611 nunqnam
1011 556 1149 599 Turi&
1190 558 1306 601 Alln.
1352 560 1477 605 Alnb.
1512 574 1550 609 2.

94 623 219 664 Rern.
251 624 370 664 Voss.
390 629 479 663 1.3.
510 624 600 663 Par.
620 628 656 663 1.
689 623 829 676 Cfflnp.
930 641 1030 679 quae
1050 638 1171 667 erunt.
1231 634 1385 682 quaerit
1414 633 1549 677 Turio.

153 702 342 747 quaerunt
372 691 487 731 Flor.·
511 690 628 730 fssm.
689 703 851 745 querunt
880 690 1002 732 Amb.
1037 699 1076 734 2.
1192 698 1234 733 in
1266 699 1450 741 exordio,
1513 707 1552 744 in

94 764 224 800 omitt.
257 759 395 799 Turio.
430 758 570 812 Camp.
689 775 788 813 quae
815 762 904 799 sint.
965 760 1071 815 quocl
1098 778 1130 801 s.
1163 765 1284 802 etiam
1310 764 1418 808 Flor.
1448 785 1469 809 a
1488 787 1547 825 pr,

93 843 167 879 m„
200 843 223 867 a
246 844 323 867 sec.
356 837 569 880 receptam.
672 826 945 882 favorabilia.
992 828 1249 884 favorabiles
1279 836 1399 879 etiam
1425 835 1548 883 Amb,

94 901 135 936 2.
241 898 436 951 quoniam.
497 911 597 949 quae
623 904 779 948 praeter
806 906 1044 935 memoratos
1065 897 1217 937 habent
1244 896 1367 943 Amb.
1389 911 1429 945 2.
1459 907 1550 950 Par.

95 969 136 1004 2.
252 967 445 1019 cujusque.
501 966 798 1018 uniuscujusque
824 962 915 1003 Par.
948 969 985 1004 1.
1020 980 1113 1004 cum
1142 965 1260 1007 Voss.
1285 975 1323 1008 3.

207 1035 243 1084 §.
276 1037 345 1073 27.
406 1031 502 1070 haec
535 1033 718 1070 invenire.
778 1031 850 1070 lzoc
880 1034 959 1071 inv.
1004 1029 1126 1072 Goth.
1160 1050 1255 1073 cum
1292 1035 1412 1078 Voss.
1440 1046 1481 1080 2.
1513 1032 1552 1084 et

95 1099 186 1138 edd.
227 1107 319 1140 ante
363 1099 520 1151 Colin.,
564 1117 651 1140 exc.
694 1098 835 1152 Camp.
871 1097 972 1139 ΑΜ.
1098 1099 1232 1142 laedit.
1293 1103 1386 1157 legit
1430 1112 1553 1151 etiam

91 1165 202 1207 Flor.
232 1183 255 1207 a
285 1184 344 1221 pr.
375 1184 432 1208 m.
548 1171 732 1207 minuere.
792 1169 942 1205 munire
972 1166 1110 1208 Turio.
1234 1172 1314 1209 sive
1349 1175 1457 1228 quid.
1517 1182 1554 1220 ,ςί

94 1234 202 1289 quocl
228 1234 356 1276 Aan.
388 1241 425 1276 1.
457 1236 566 1277 Jens.
599 1235 721 1275 Tarv.
751 1233 851 1274 ΑΜ.
885 1234 997 1274 Sich.

208 1305 243 1355 §.
274 1309 342 1345 28.
373 1311 375 1314 ’
406 1305 543 1359 Neque
571 1306 684 1343 enim.
747 1302 815 1343 Sic
846 1302 955 1342 Flor.
987 1301 1114 1344 Amb.
1139 1310 1179 1345 2.
1298 1309 1339 1347 in
1368 1310 1452 1352 illo.
1510 1318 1551 1356 in

93 1374 225 1411 omitt.
256 1371 398 1413 Turio.
427 1372 536 1413 Flor.
571 1387 665 1412 cum
688 1370 802 1411 Ahn.
910 1370 1108 1412 dieantur.
1159 1383 1384 1415 tracmntur
1414 1378 1550 1424 Guelf,

153 1439 330 1478 (licentur
358 1439 481 1481 Amb.
507 1446 544 1481 1.
654 1442 693 1479 in
722 1441 911 1490 ingressu.
970 1441 1010 1478 in
1039 1442 1168 1479 omitt.
1200 1439 1339 1483 Turio.
1371 1461 1394 1484 a
1412 1463 1472 1500 pr.
1492 1465 1549 1492 m.

92 1505 275 1548 Amb.1.
309 1506 445 1549 Guelf.
549 1506 835 1563 praetentanda>
865 1518 933 1546 est.
989 1518 1179 1561 praetent.
1202 1510 1255 1547 sit
1280 1513 1363 1561 jam
1387 1519 1554 1567 praebet

92 1574 222 1616 Amb.
245 1580 281 1614 1.
394 1579 566 1630 pignora
591 1591 736 1614 eornm.
792 1592 834 1628 p.
864 1591 1030 1626 reorum,
1063 1576 1172 1629 quod
1195 1580 1365 1630 conjecit
1392 1581 1548 1638 Spald„

91 1644 244 1683 habent
272 1641 397 1683 Amb.
425 1650 461 1684 1.
490 1643 599 1682 Flor.
627 1658 649 1681 a
674 1658 751 1683 sec.
784 1658 840 1683 m.
957 1660 1057 1698 quae
1086 1646 1225 1684 minus.
1286 1662 1385 1700 quae
1417 1655 1548 1693 omitt,

90 1711 230 1753 Turio.
249 1712 376 1764 Flor.,
400 1727 422 1751 a
440 1727 518 1751 sec.
541 1726 598 1751 m.
620 1720 801 1765 uterque.
892 1711 1086 1751 exordiis,
1136 1713 1177 1750 in
1197 1728 1266 1752 eoe.
1292 1717 1413 1755 etiam
1436 1717 1470 1758 F
1471 1723 1546 1762 lor,

206 1782 244 1830 §.
275 1786 344 1822 29.
392 1791 554 1828 mnium,
582 1795 730 1836 perum.
781 1782 952 1818 animum
982 1783 1165 1819 inserunt
1188 1781 1280 1821 edd.
1314 1793 1406 1824 ante
1425 1785 1546 1842 Bad.,

88 1864 177 1890 exc.
210 1847 376 1901 Camp.3
410 1849 562 1898 codex,
593 1857 640 1887 ut
668 1849 850 1898 videtur,
881 1850 1034 1887 nullus.

203 1917 240 1966 §.
273 1920 342 1955 30.
403 1931 457 1954 ex
486 1918 550 1955 iis.
609 1931 664 1954 ene
695 1916 756 1954 his
789 1914 926 1954 Turio.
956 1914 1083 1955 Amb.
1112 1921 1149 1955 1.
1178 1921 1218 1956 2.
1251 1914 1387 1958 Guelf.
1416 1918 1543 1964 Goth,

87 1983 229 2036 Camp.
346 1998 441 2021 casu
473 1981 590 2021 laedi.
651 1981 719 2022 Sic
747 1984 866 2034 plane
896 1980 1022 2022 Aan.
1052 1989 1092 2023 2.
1130 1982 1223 2023 Par.
1258 1985 1297 2024 4.
1333 1990 1371 2026 5.
1404 1986 1544 2044 Sich.;

86 2052 158 2092 sed
195 2048 354 2089 causale
393 2048 485 2087 eluci
521 2047 648 2092 ΑΒΗ).
685 2055 721 2088 1.
766 2053 865 2103 (qui
894 2058 983 2102 post
1021 2066 1181 2089 causam
1222 2052 1387 2092 demum
1418 2058 1546 2097 inter-

87 2117 257 2173 pungit)
288 2115 398 2156 Flor.
434 2131 457 2154 a
490 2131 550 2168 pr.
583 2131 639 2155 m.
701 2132 823 2155 causa
854 2116 936 2154 clici
960 2115 1070 2156 Flor.
1101 2131 1217 2158 asec.
1242 2134 1297 2159 m.
1328 2119 1418 2160 Par.
1443 2129 1480 2164 1.
1502 2131 1542 2166 2,

200 2186 237 2236 §.
271 2189 337 2225 31.
401 2193 524 2222 eoetra
554 2185 734 2237 pertinet.
793 2200 825 2222 e.
855 2186 1048 2237 pertinent
1073 2182 1199 2222 Aan.
1223 2190 1276 2234 1.,
1317 2191 1388 2241 qui
1423 2194 1544 2233 etlam

83 2256 191 2294 infra
223 2253 383 2293 videtur
414 2251 508 2290 dare
537 2252 752 2304 pertinent,
784 2264 877 2289 cum
905 2249 1008 2291 Obr.
1040 2259 1080 2290 et
1112 2253 1198 2290 aliis
1232 2255 1341 2306 apud
1374 2255 1540 2311 Burm.‚
1597 2284 1602 2291 .

83 2337 170 2361 non
211 2321 489 2359 addicentibus
526 2317 664 2358 Turic.
704 2327 744 2357 et
776 2316 885 2357 Flor.
997 2330 1273 2360 enumerentur.
1333 2340 1545 2368 enumerem

83 2393 208 2429 etiam
236 2387 345 2427 Flor.
376 2388 466 2428 Par.
500 2392 538 2426 1.
579 2388 670 2425 sort.
702 2384 828 2425 Amb.
861 2390 898 2424 1.
1015 2385 1155 2426 Fama.
1213 2387 1384 2443 itfamia
1412 2391 1539 2435 Amb.

87 2462 126 2497 1.
242 2455 344 2494 nihil
373 2458 486 2495 enim.
542 2472 580 2494 n.
607 2464 734 2493 autem
772 2452 863 2492 Par.
898 2457 935 2492 1.
968 2458 1009 2493 2.
1050 2469 1145 2493 cum
1175 2453 1299 2497 Goth.
1418 2476 1540 2502 causa

84 2535 164 2576 est,
197 2523 251 2563 αᾶ
281 2526 409 2563 omitt.
442 2522 581 2563 Turio.
613 2521 722 2561 Flor.
755 2535 777 2559 a
802 2536 861 2573 pr.
891 2535 947 2560 m.
1493 2576 1497 2577 ⁷

196 2593 232 2644 ξ.
267 2597 333 2631 32.
393 2593 583 2631 oratione.
645 2589 712 2629 Sic
736 2591 856 2626 etiam
883 2587 993 2629 Flor.
1017 2587 1142 2629 Aan.
1161 2595 1197 2629 1.
1214 2596 1252 2631 2.
1283 2591 1373 2634 Par.
1390 2600 1426 2635 1.
1442 2602 1481 2636 2.
1497 2602 1535 2638 3.

192 2670 402 2700 accusator
432 2662 597 2700 actione.
660 2656 860 2697 Ordinem
904 2660 1070 2698 invertit
1104 2656 1230 2698 Amb.
1264 2663 1302 2700 1.
1415 2681 1538 2717 prae-

126 2739 232 2774 Τοηι.
254 2738 295 2773 V.
1036 2723 1082 2764 M
