1721 2974
126 173 180 214 acl
199 173 332 228 Quint.
356 173 453 214 Inst.
477 172 513 224 J,
537 179 573 214 5.
597 174 618 225 ᾗ
654 175 833 214 20—26.
868 175 905 211 6.
929 172 1114 223 §.1-—7.
1149 177 1186 211 7.
1213 173 1247 224 §.
1272 176 1391 215 1—4.
1467 183 1518 218 85

183 289 222 339 §.
253 289 293 328 4.
356 289 458 328 ratio
487 297 712 328 ceterorum.
780 294 852 325 rat.
889 294 925 324 et
966 294 1036 324 cet.
1074 283 1214 339 Camp.
1253 301 1349 326 cum
1386 286 1515 330 Andr.

68 352 188 395 Bodl.
217 353 308 395 Bal.
426 358 537 408 ipsae
565 370 636 393 res.
703 370 764 393 res
793 355 902 407 ipsae
931 349 1054 393 Goth.
1086 368 1181 393 cum
1208 353 1317 394 Jens.
1351 364 1390 394 et
1416 366 1516 408 post.

68 431 161 462 ante
188 421 318 463 Stoer.
377 421 608 474 Vulgatum
646 422 830 460 ordinem
867 419 1089 460 defendmlt
1126 417 1262 463 Guelf.
1295 430 1334 461 et
1364 421 1517 475 Turio„

69 492 141 543 qui
159 505 231 542 per
251 504 425 529 errorem
449 489 515 528 dat
543 490 626 541 ipse
646 503 734 526 rex.
1040 538 1046 543 .

181 558 216 608 §.
248 560 285 597 5.
346 557 606 610 composuisse
625 571 673 593 se.
732 557 992 609 composuisse
1019 571 1099 594 sese
1128 557 1250 596 Amb.
1279 561 1316 599 1.
1434 558 1522 598 bre-

67 625 143 664 via.
199 625 366 676 praevia.
386 622 493 663 Flor.
516 621 644 662 Amb.
672 626 733 669 1.‚
772 631 941 676 uterque
962 637 984 662 a
1003 638 1080 662 sec.
1101 638 1157 663 m.

180 691 217 743 §.
248 695 286 731 6.
346 690 423 730 sibi
465 692 584 744 ipsos.
644 688 752 729 Flor.
804 688 931 730 Amb.
972 694 1009 729 1.
1051 688 1193 744 Camp.
1230 693 1425 740 silentur,
1477 703 1523 734 ut

67 758 280 797 videantur
306 765 508 810 receptam
532 759 650 798 tueri.
711 755 821 797 Sane
856 756 1021 797 Pottier.
1056 756 1133 796 sibi
1166 760 1274 811 ipsos
1299 761 1343 797 iu
1377 758 1519 813 Camp.

67 841 149 865 esse
179 833 369 875 testatur,
410 839 503 863 cum
532 824 609 863 sibi
629 840 692 863 eos
723 827 766 862 iu
795 824 917 864 Paris.
952 829 989 864 ’1.
1020 830 1058 865 2.
1092 829 1130 864 3.
1164 828 1238 876 sit,
1284 841 1361 866 nec
1381 836 1521 867 tamen

67 894 212 943 adjecit
241 892 340 947 quid
368 900 468 931 esset
490 893 534 929 in
565 892 681 931 codd.
708 892 747 930 4.
779 900 819 930 et
841 896 880 933 5.

66 963 216 1000 sciant.
277 961 447 998 resciant
463 957 592 999 Aan.
618 963 655 999 l.
676 960 786 998 facili
805 973 948 999 errore.
1065 961 1163 998 sacis
1174 959 1289 1014 prud.
1343 978 1404 1016 pr.
1425 965 1524 1003 satis

64 1026 173 1068 Flor.
289 1029 325 1066 si
346 1026 453 1081 quid.
512 1025 573 1069 At
593 1028 630 1065 si
655 1043 692 1080 q.
721 1025 849 1068 Amb.
875 1032 911 1066 1.
1315 1078 1318 1080 v

183 1095 221 1146 §.
253 1100 295 1135 7.
355 1096 507 1137 teneris.
565 1096 702 1133 ceteris
733 1092 840 1132 Flor.
871 1109 894 1133 a
922 1109 983 1147 pr.
1009 1107 1064 1133 m.
1097 1092 1236 1134 Turio.
1349 1097 1523 1149 paulum.

63 1162 269 1218 paululum
296 1161 406 1203 Jens.
438 1161 561 1202 Tarv.
593 1170 634 1201 et
663 1163 766 1201 aliae
796 1162 887 1201 edd.
920 1170 1016 1202 vett.
1048 1176 1143 1202 cum
1167 1159 1286 1202 Voss.
1320 1169 1388 1215 2.,
1439 1182 1525 1207 non

66 1233 286 1275 comitante
318 1227 441 1270 Goth.

624 1283 657 1327 C
688 1300 716 1326 A
748 1302 784 1327 Β.
853 1283 967 1326 VII.

183 1367 220 1419 §.
255 1369 293 1405 1.
351 1361 589 1402 mutandum.
646 1364 828 1405 imitand.
851 1364 960 1405 Flor.
1077 1364 1313 1405 disserimus.
1359 1366 1525 1409 dissere-

66 1449 151 1473 mus
174 1432 316 1485 Camp.
338 1429 469 1471 Andr.
585 1431 758 1472 credunt.
817 1431 980 1472 credant
1010 1430 1118 1472 Flor.

183 1501 218 1554 §.
251 1506 291 1541 2.
350 1514 430 1538 esse
449 1499 490 1537 in
507 1497 593 1539 boc.
651 1501 692 1537 in
721 1499 759 1541 Ιι.
788 1516 819 1540 e.
851 1498 958 1540 Flor.
1075 1498 1203 1540 aliove
1227 1515 1316 1554 quo.
1375 1500 1529 1556 alioque

67 1568 207 1609 Turio.
226 1567 334 1608 Flor.
355 1565 472 1606 Alm.
496 1563 636 1619 Camp.

182 1637 218 1688 §.
249 1640 288 1675 3.
348 1633 458 1673 Nam
487 1643 523 1672 et
555 1649 690 1674 exerc.
750 1632 860 1672 Nam
889 1636 1007 1674 etiam
1034 1650 1103 1675 ex.
1131 1632 1256 1676 Goth.
1292 1651 1387 1676 cum
1414 1636 1524 1678 Jens.

68 1713 234 1758 etpost.
268 1711 361 1742 ante
391 1701 505 1742 Sich.
622 1701 735 1756 hujus
766 1700 900 1741 labore
925 1718 1076 1756 genere.
1135 1700 1198 1742 Ita
1230 1706 1354 1744 etiam
1385 1704 1524 1746 Turio.

66 1771 175 1814 Flor.
206 1769 335 1812 Amb.
365 1774 402 1810 1.
434 1775 474 1812 2.
505 1767 631 1810 Paris.
661 1775 701 1810 2.
735 1774 774 1810 3.
808 1767 879 1823 (in
904 1768 994 1810 Par.
1027 1775 1066 1810 1.
1100 1779 1159 1810 est
1183 1774 1337 1823 generis
1365 1771 1529 1823 labore.)

154 1847 463 1894 composuerunt.
523 1840 810 1892 composuerint
837 1836 976 1879 Turio.
1009 1836 1117 1878 Flor.
1145 1837 1248 1879 Obr.
1278 1841 1372 1880 fort.
1396 1838 1525 1881 Amb.

71 1913 110 1947 1.
144 1909 317 1960 optime,
369 1907 520 1960 quippe
547 1906 702 1946 diversa
740 1908 830 1945 loco
870 1914 911 1946 et
944 1914 1139 1959 tempore.
1209 1905 1376 1947 Pottier.
1419 1924 1530 1947 com-

68 1976 266 2020 posuerint
294 1988 376 2012 esse
411 1975 458 2011 in
486 1972 612 2012 Paris.
645 1978 683 2012 1.
713 1979 752 2014 2.
781 1979 819 2013 3.
852 1974 947 2013 edit.
986 1972 1128 2027 Camp.
1161 1986 1457 2028 composuerunt
1483 1978 1529 2014 in

67 2045 193 2083 Paris.
216 2045 256 2082 5.
277 2041 446 2080 notavit.
549 2039 763 2096 familiari
782 2043 905 2080 etiam
923 2040 1048 2082 Paris.
1063 2046 1101 2082 1.
1123 2039 1246 2081 Amb.
1262 2046 1302 2081 2.
1365 2042 1414 2094 [ἦ
1419 2043 1527 2095 pald.

69 2111 141 2165 qui
165 2109 213 2147 de
233 2110 388 2147 ratione
412 2109 627 2146 locutionis
644 2106 916 2162 familiariter
941 2109 1104 2164 affigere
1134 2109 1358 2160 dubitaret,
1390 2118 1530 2162 postea

69 2178 227 2217 notavit
252 2176 396 2215 eodem
417 2175 540 2214 modo
568 2175 721 2213 dictum
738 2173 1008 2231 familiariter
1037 2191 1149 2214 nosse
1173 2174 1231 2225 V,
1261 2180 1302 2226 7,
1333 2181 1360 2217 7
1391 2185 1431 2216 et
1450 2174 1528 2228 Ἦ,

72 2246 114 2297 4,
135 2244 196 2295 8.]
311 2242 366 2281 Et
390 2243 490 2296 jam.
543 2240 612 2281 Sic
641 2245 764 2282 etiam
791 2240 955 2292 Turic.‚
997 2243 1046 2280 ab
1073 2242 1216 2281 eadem
1242 2233 1392 2295 monn,
1435 2259 1529 2284 cum

73 2322 166 2357 ante
189 2313 329 2351 fuisset
345 2311 461 2348 etiam
494 2307 634 2362 Camp.
695 2311 813 2348 etiam
839 2307 968 2349 Amb.
993 2314 1030 2349 1.
1063 2324 1086 2349 a
1113 2325 1175 2362 pr.
1194 2324 1277 2363 1n.;
1316 2327 1392 2352 sec.
1421 2313 1531 2352 dedit

74 2392 111 2421 et
129 2383 276 2430 etiam,·
313 2391 430 2432 porro
452 2379 569 2415 etiam
599 2375 722 2417 Paris.
750 2381 788 2417 1.
812 2382 852 2417 2.
875 2382 914 2417 3.

188 2448 227 2499 §.
258 2446 298 2488 4.
353 2445 458 2485 ver-h.
478 2455 557 2500 opt.
617 2454 696 2498 opt.
716 2445 822 2486 verb.
847 2444 988 2498 Camp.
1106 2461 1155 2485 ac
1171 2446 1332 2500 figuris.
1391 2456 1426 2485 et
1444 2448 1526 2501 fig.

77 2517 201 2557 Amb.
230 2520 267 2555 1.
373 2523 409 2552 et
430 2527 484 2552 ex
507 2530 584 2567 rep.
626 2511 760 2552 Etiam
778 2511 902 2554 Paris.
917 2517 957 2554 5.
977 2515 1159 2553 omittere
1179 2524 1213 2550 ct
1229 2522 1343 2554 notat
1360 2512 1527 2554 PottIer.

77 2581 261 2625 Accedit.
317 2580 493 2622 Accedet
518 2579 647 2621 Amb.
674 2586 712 2622 1.
745 2596 768 2621 a
788 2596 869 2623 seo..
888 2597 944 2623 m.
1065 2581 1154 2620 benc
1183 2597 1208 2620 a
1239 2599 1398 2636 quoquc.
1459 2581 1528 2623 Sic

80 2653 202 2692 etiam
229 2648 355 2692 Amb.
380 2654 417 2691 1.
442 2665 464 2690 a
485 2664 545 2704 pr.
566 2664 621 2690 m.
647 2648 758 2690 Jens.
782 2657 821 2690 et
843 2649 935 2690 edd.
960 2651 1041 2689 fere
1062 2665 1223 2702 omne-⁵3
1264 2665 1361 2694 uam
1389 2649 1528 2690 idonea
