1721 2974
420 151 474 190 m]
506 150 640 203 Quint.
672 149 800 190 Instit.
833 145 889 198 V,
919 147 986 186 14.
1015 146 1053 196 §.
1077 150 1249 186 2—-12-
1477 150 1553 186 301

104 265 242 308 Turio.
264 275 303 307 et
321 265 431 311 Flor.
452 281 475 307 a
495 281 555 321 pr.
575 279 632 306 m.
654 272 818 319 oportet.
932 277 1018 309 qum
1046 277 1133 303 sua.
1181 256 1306 302 Amb.
1328 264 1364 299 1.
1382 264 1422 301 2.
1447 257 1559 343 Ἑίῗιιὲἑ

104 355 196 398 Par.
221 362 257 397 1.
291 359 333 398 in
359 373 439 398 sua.
554 354 704 410 alioqui
729 378 786 386 -—-
812 351 960 410 plures.
1015 349 1144 393 Aan.
1177 354 1216 391 1.
1245 348 1373 407 aliqui
1398 352 1501 390 ratio

103 423 260 479 plures,
309 428 447 467 ceteris
466 425 618 464 omissis
647 422 736 477 (nis
756 431 813 462 est
840 436 864 464 a
891 437 969 465 seo.
990 418 1090 474 m.).
1189 429 1268 468 est,
1299 428 1367 458 est.
1419 415 1560 459 Guelf.

104 495 255 533 omittit
279 495 448 533 alterum
475 491 544 548 est.

219 573 254 624 ξ.
284 576 324 612 8.
383 588 486 611 omn.
505 568 638 609 mund.
670 567 817 611 'Goth.
837 585 890 610 m.
910 584 948 610 ο.
1037 577 1192 623 quarto.
1236 564 1374 606 Turio.
1399 574 1561 619 quanm.

179 639 380 680 inducunt.
405 637 558 685 ‘Turia
581 637 740 679 ducunt.
828 636 1162 692 approbationem.
1202 633 1270 676 Sic
1292 636 1413 692 eiiam
1431 631 1560 690 Amb.

109 712 147 746 1.
186 706 276 748 Par.
309 712 346 748 1.
380 712 421 752 2.
490 704 545 747 acl
571 705 842 760 probationem
873 703 996 748 Amb.
1026 711 1064 747 1.
1129 704 1402 760 probationem
1440 705 1562 743 etiam

107 773 241 815 Colin.
606 772 609 774 ’

220 842 259 892 §.
290 846 329 884 9.
390 850 458 881 aut
476 839 520 880 id
538 839 671 897 infert.
718 838 848 880 Amb.
873 845 912 882 1.
946 836 1086 895 Cfflnp.
1113 839 1237 881 etialil
1259 858 1296 881 α.
1319 839 1474 898 iclf'ert.

109 908 283 949 Consilio
301 930 355 938 —
375 907 691 950 administratur.
730 907 798 948 Sic
818 907 947 950 Amb.
964 914 1022 960 1.,
1042 912 1181 949 ceteris
1205 911 1373 964 omissis.
1469 924 1564 947 cons-

105 976 239 1016 duxit.
281 975 348 1016 Sic
369 979 492 1016 etiam
506 974 632 1018 Amb.
657 982 694 1019 1.
715 982 756 1017 2.
779 975 869 1016 Par.
888 982 924 1017 1.
1008 979 1328 1031 propositionem.
1347 965 1349 967 >
1367 974 1494 1017 Amb.
1522 980 1562 1015 1.

105 1044 244 1086 Turio.
257 1047 365 1084 Flor.
381 1042 521 1099 Camp.
536 1042 798 1086 Goth.Amb.
812 1050 849 1085 2.
861 1043 985 1085 Bern.
997 1043 1106 1086 Jens.
1129 1054 1168 1084 et
1189 1045 1280 1085 edd,
1303 1053 1397 1084 ante
1409 1041 1564 1096 Gryph.

105 1115 405 1168 coepositioncm,
492 1129 548 1154 ex
567 1113 638 1154 his.
689 1111 814 1154 Goth.
836 1129 892 1153 ex
912 1115 976 1155 iis.
1074 1114 1322 1169 conficiatur.
1370 1109 1498 1152 Amb.
1525 1115 1565 1150 1-

107 1185 350 1238 confiteatur.
433 1182 635 1237 geruntur.
688 1180 788 1224 Obr.
813 1179 1009 1235 reguntur.
1096 1197 1215 1236 quam
1233 1196 1345 1237 quae.
1396 1175 1565 1221 omittit

107 1248 248 1291 Turio.
276 1266 298 1289 a
315 1265 375 1303 pr.
397 1265 454 1291 m.
568 1264 700 1289 rerum
723 1249 875 1289 melius.
925 1248 1034 1291 Jens.
1055 1246 1156 1290 Lon.
1179 1264 1230 1290 m.
1253 1265 1288 1288 r.
1402 1246 1565 1289 consilio

106 1342 165 1351 —-
193 1317 507 1359 administratur.
556 1317 668 1358 Haec
689 1316 826 1360 omnia
847 1320 1040 1358 omittunt
1062 1315 1198 1358 Guelf.
1233 1315 1360 1358 Amb.
1382 1322 1424 1358 2..

221 1398 257 1450 §.
293 1402 359 1437 10.
416 1396 480 1438 In.
531 1394 666 1438 Guelf.
687 1400 760 1438 sin.
844 1396 948 1452 quod
969 1395 1196 1436 intenditur.
1238 1393 1480 1437 Guelf.om.

107 1464 292 1506 Nam—-
312 1465 546 1507 immortale.
602 1465 715 1507 Haec
745 1469 881 1507 omnia
914 1468 1062 1506 omittit
1087 1463 1214 1505 Amb.
1239 1469 1277 1505 1.
1333 1462 1396 1504 At
1428 1462 1567 1504 Turio.

124 1533 219 1574 fam
239 1532 459 1573 immortale
479 1544 534 1573 est
553 1550 608 1573 ex
632 1538 720 1589 ipso
737 1551 789 1574 m.
815 1536 841 1574 i.
856 1565 867 1587 ,
910 1549 1006 1574 cum
1023 1532 1133 1574 Flor.
1146 1564 1158 1585 ,
1204 1535 1283 1572 nisi
1314 1532 1423 1587 quod
1444 1534 1568 1571 omit-

107 1605 156 1642 tit
180 1618 257 1654 px.
318 1601 455 1643 Turio.
488 1618 511 1642 a
540 1618 619 1644 sec.
651 1618 716 1661 ¹3¹⁰,
738 1601 906 1660 mortale
931 1616 1006 1658 pro
1034 1599 1256 1642 immortale
1290 1599 1468 1659 e'xhjbet.

108 1673 255 1711 anima.
311 1669 478 1713 Omittit
496 1670 528 1710 F
530 1673 604 1712 lor.
629 1685 652 1712 a
669 1686 749 1711 sec.
770 1685 826 1711 m.

221 1754 254 1804 ξω
283 1754 349 1791 11.
409 1749 482 1800 hae
495 1752 680 1805 primam.
744 1748 886 1803 Camp.
924 1766 991 1790 eae
1021 1752 1193 1805 primae.
1242 1747 1346 1790 Obr.
1384 1745 1458 1787 hae
1479 1736 1569 1802 pri-⁸

106 1834 224 1858 mum.
332 1820 506 1859 commis.
547 1817 655 1861 Non.
682 1860 685 1862 ,
715 1817 784 1859 Sic
802 1822 925 1858 etiam
944 1816 1073 1858 Amb.
1100 1823 1136 1858 1.
1158 1823 1199 1858 2.
1218 1815 1326 1856 Flor.
1349 1815 1440 1856 Par.
1466 1820 1503 1855 1.
1525 1821 1568 1855 2.

109 1890 150 1925 3.
238 1884 352 1924 caed.
374 1895 450 1925 ten.
490 1885 558 1925 Sic
581 1890 703 1926 etiam
723 1885 832 1928 Flor.
852 1902 876 1926 a
890 1896 954 1940 pr.
974 1902 1031 1926 m.
1050 1884 1176 1926 Amb.
1197 1890 1238 1926 2.
1329 1886 1569 1939 quaestione,
1596 1932 1606 1942 ⁶

109 1952 178 1994 Sic
205 1955 327 1992 etiam
345 1951 473 1993 Amb.
497 1958 534 1992 1.
565 1966 570 1999 3
587 1951 712 1994 Goth.
732 1957 773 1992 in
792 1965 942 2008 quaest.
988 1953 1102 1994 Sich.
1123 1956 1246 1994 etiam
1265 1951 1567 2008 quaestionibus.

185 2030 390 2060 testantur.
420 2019 545 2061 Amb.
561 2025 598 2062 1.
620 2030 660 2061 et
677 2024 761 2074 ipse
781 2024 923 2075 procul
945 2021 1067 2061 dubio
1089 2031 1269 2061 testatur.
1356 2019 1568 2076 effecerint.

110 2089 218 2130 Flor.
239 2088 474 2145 defecerunt.
523 2086 649 2129 Aan.
671 2092 710 2128 2.
731 2089 957 2145 effecerunt.

225 2169 261 2220 §.
295 2174 361 2209 12.
421 2167 527 2224 quod
543 2192 602 2199 --
622 2177 744 2208 caret.
780 2167 904 2207 Amb.
928 2172 966 2208 1.
988 2168 1090 2208 haeo
1112 2169 1277 2208 omittit.
1355 2183 1445 2206 nam
1466 2165 1572 2220 quod

111 2263 168 2270 -
191 2236 293 2276 nihil
310 2236 364 2277 ad
384 2253 475 2276 nos.-
514 2238 626 2276 Haec
650 2238 787 2275 omnia
804 2239 953 2276 omittit
972 2235 1004 2276 F
1006 2239 1080 2277 lor.
1180 2237 1392 2276 connexim
1439 2233 1568 2277 Amb.

115 2311 153 2346 1.
184 2305 292 2346 Flor.
317 2320 338 2343 a
358 2320 417 2358 pr.
439 2319 497 2344 m.
528 2306 741 2345 concessio.
841 2303 997 2344 Omnia.
1048 2302 1190 2360 Camp.
1213 2305 1381 2344 omnino.
1478 2305 1571 2341 ina-

111 2376 232 2414 nima.
284 2371 409 2414 Amb.
433 2377 468 2412 1.
490 2371 608 2412 Voss.
633 2377 670 2412 1.
692 2377 731 2412 3.
751 2370 867 2412 AJm.
888 2375 1035 2414 anima.
1142 2371 1280 2414 melius
1308 2381 1375 2411 est.
1425 2367 1569 2423 Camp-

114 2444 262 2482 omittit
282 2451 350 2481 est.
454 2443 590 2494 igitur.
642 2438 767 2481 Goth.
792 2452 934 2482 autem.
1043 2439 1206 2482 animal.
1259 2439 1337 2480 Hic
1359 2439 1504 2478 desun't
1522 2441 1569 2477 in

113 2509 239 2550 Amb.
255 2515 293 2550 2.
311 2518 389 2549 tres
409 2512 690 2565 quaterniones
703 2541 713 2561 ‚
751 2524 878 2563 usque
898 2510 949 2549 ad
967 2524 1059 2563 pag.
1084 2513 1181 2550 702.
1211 2508 1396 2548 editionis
1421 2504 1568 2546 Burm-

114 2574 272 2616 Eadem
291 2580 437 2618 lacuna
468 2586 526 2618 est
551 2580 598 2617 in
625 2576 750 2618 Bel-n.
769 2576 888 2618 Voss.
912 2582 950 2618 1.
975 2582 1013 2618 3.
1035 2592 1161 2631 usque
1189 2576 1240 2616 ad
1266 2578 1340 2616 lib.
1356 2571 1465 2616 VJJJ
1482 2589 1517 2615 c.
1541 2577 1566 2614 3

117 2660 172 2684 ex
193 2647 243 2685 iis
265 2662 362 2702 quae
378 2645 488 2687 dicta
505 2656 608 2687 sunt.
714 2644 884 2686 Animal
906 2656 973 2687 est.
1019 2644 1127 2688 Flor.
1147 2642 1336 2687 animale.
