1721 2974
198 161 276 197 368
637 156 905 213 Supplemema
923 157 1198 196 ‘annotationis

307 271 342 322 §.
378 274 414 310 6.
477 269 555 310 Hie
575 281 675 310 sunt.
717 268 784 309 Sin
805 270 926 307 etiam
949 266 1056 308 Flor.
1077 269 1147 308 sed
1165 266 1290 308 Amb.
1315 268 1357 307 id
1378 270 1509 322 ipsum
1526 270 1634 325 quod

196 336 333 390 Spald,
367 340 544 377 voluerat
586 337 673 375 Ιιίηε
707 335 882 374 exhibet.
1012 334 1124 374 ralia.
1182 333 1305 375 Amb.
1339 335 1432 377 alia.
1557 353 1635 390 par

193 421 323 443 verum
352 403 457 444 Elor-
486 415 523 443 et
549 403 670 443 Amb.
705 403 776 441 sed
806 402 871 441 hic
902 417 994 442 cum
1019 404 1168 441 lineola
1195 404 1296 441 iufra
1312 418 1547 456 perversum.
1570 438 1573 442 ,

194 470 303 511 ialin.
350 469 470 510 Δῃὼ.
493 470 612 517 talia,
654 484 705 507 ex
726 467 835 509 Flor.
858 469 978 509 nihil.
1094 468 1296 508 adversum
1317 478 1480 509 tuentur
1500 472 1633 510 ambo.

278 541 420 589 z‘njusti.
468 536 606 576 Ambo
627 538 786 589 injuste,
827 538 896 576 sed
913 535 1039 576 Amb.
1058 551 1152 575 cum
1168 538 1317 575 lineola
1335 539 1378 574 in
1398 540 1493 577 fine.

305 607 341 655 ς.
374 609 414 644 7.
475 601 567 642 κατ’
604 601 825 643 ἀντίθεσιν.
888 602 955 643 Sic
985 617 1141 656 prorsus
1182 602 1290 643 Flor.
1360 616 1632 645 καταντιενσιν

190 671 312 712 Amb.
418 669 658 725 transfirrunt
683 669 811 709 Amb.
842 679 882 709 et
908 673 994 710 sine
1016 671 1138 709 dubio
1162 669 1270 711 Flor.

300 740 336 789 ξ.
368 743 407 777 8.
456 747 631 777 exectus.
679 736 804 777 Amb.
835 736 946 777 Flor.
967 748 1227 785 eoecaecatus,
1269 740 1326 777 ita
1345 746 1390 777 ut
1409 736 1632 791 diphthon-

187 822 258 858 gus
286 822 330 843 ac
359 813 425 843 aut
453 819 472 842 e
498 819 591 843 cmn
614 818 742 855 unco,
790 813 860 844 aut
887 807 1059 858 simplici
1091 820 1112 843 e
1142 806 1358 856 scribatur,
1398 805 1468 844 sed
1497 813 1631 844 tamen

184 878 342 912 “constat
378 871 477 925 quid
505 873 721 912 voluerint.

297 942 335 987 0.
368 943 406 979 9.
463 953 519 977 ex
538 937 686 993 aliqua.
738 937 848 980 Flor.
868 937 995 979 Amb.
1018 940 1116 978 item
1139 941 1180 978 in
1201 937 1347 993 aliqua.
1447 940 1629 978 extrario

183 1007 307 1045 iidem
336 1014 513 1046 tuentur.

295 1074 327 1124 ξ.
360 1078 425 1113 10.
478 1072 586 1128 filiis
617 1084 747 1128 pater.
805 1071 932 1113 Aan.
967 1072 1086 1128 filius
1122 1074 1245 1126 patri.
1314 1071 1423 1112 Flor.
1454 1073 1495 1111 in
1519 1071 1628 1126 filiis

179 1152 336 1195 patrum
355 1139 515 1180 iudicio.
628 1152 663 1180 et
689 1143 803 1195 patri
818 1139 936 1195 filius
949 1170 960 1191 ,
998 1155 1069 1193 pro
1099 1142 1146 1178 iis
1166 1141 1294 1179 verbis
1314 1138 1440 1180 Amb.
1461 1147 1500 1179 et
1519 1137 1627 1180 Flor.

176 1208 281 1262 fillo.

290 1279 326 1327 §.
371 1280 435 1315 12.
502 1274 799 1314 Numantinum.
857 1272 984 1314 Amb.
1023 1272 1293 1313 Numantiam.
1423 1270 1625 1314 Romanus

181 1346 289 1383 abest
326 1345 374 1382 ab
404 1342 528 1382 Amb.
559 1352 598 1382 et
626 1340 660 1380 F
662 1345 735 1381 lor.

291 1411 328 1462 §.
370 1415 436 1450 13.
504 1413 632 1463 ipsam
679 1423 810 1461 neque.
874 1407 996 1446 Amb.
1038 1411 1129 1461 ipsa
1170 1423 1263 1459 nec,
1313 1404 1422 1448 Flor.
1461 1423 1623 1464 quoque

179 1480 280 1532 ipsa.
386 1476 553 1516 videtur.
602 1478 718 1515 ambo
746 1473 938 1514 videntur.

292 1547 328 1594 §.
362 1545 429 1583 14.
485 1543 679 1583 Exclusis
708 1558 855 1597 quoque
891 1541 965 1581 his.
1015 1540 1124 1581 Flor.
1159 1557 1307 1595 quoquc
1341 1541 1515 1582 exclusis
1545 1543 1621 1585 his.

175 1610 300 1651 Amb.
332 1614 467 1650 omnia
499 1620 638 1650 sanat:
683 1610 775 1648 hinc
811 1625 957 1661 quoquc
985 1607 1170 1647 exclusis.
1285 1625 1364 1647 esse
1387 1625 1486 1650 cum.
1524 1614 1621 1651 item

175 1676 302 1718 Aan.
323 1677 425 1717 Flor.
437 1709 448 1727 ,
488 1692 605 1730 porro
624 1677 747 1715 iidem
765 1685 801 1713 ct
825 1675 935 1713 (licit.

290 1747 328 1796 §.
361 1749 426 1787 15.
486 1744 631 1784 dicitur
651 1744 758 1797 ficri.
811 1740 938 1780 Amb.
967 1738 1189 1795 Flor.ficri
1211 1740 1330 1791 solet,
1377 1741 1493 1783 Alm.
1521 1749 1621 1786 tucri

222 1812 280 1852 Zet.

174 1829 218 1854 ⁸⁰
294 1881 332 1931 §.
365 1883 429 1919 16.
486 1875 752 1930 πηλικότητα.
807 1873 932 1916 Amb.
963 1871 1209 1926 πηνκοτητᾱ.
1321 1873 1452 1916 eadem
1475 1879 1617 1934 appell,

172 1945 297 1987 Amb.
321 1945 463 2000 appell.
490 1962 579 1984 una.

284 2015 318 2065 §.
349 2018 416 2054 17.
474 2013 685 2065 ubicunque
701 2011 813 2062 juris.
863 2006 1133 2060 Interponitur
1155 2008 1191 2045 si
1210 2008 1255 2046 in
1270 2005 1396 2049 Amb.
1419 2019 1459 2051 et
1474 2010 1583 2054 Flor.

284 2082 318 2132 ᾧ.
351 2085 415 2121 18.
471 2079 588 2119 valet.
647 2077 776 2119 Amb.
812 2074 916 2116 Flor.
947 2073 1088 2113 valent.
1194 2076 1236 2113 in
1261 2077 1346 2115 vita
1366 2079 1608 2130 praecedere.

169 2147 297 2188 Aan.
318 2147 351 2187 F
353 2151 427 2188 lor.
460 2162 482 2186 a
499 2162 559 2199 pr.
579 2160 705 2184 manu
725 2145 826 2182 vitia
841 2140 1064 2196 'praecedes-

282 2215 317 2266 ᾧ.
348 2221 413 2255 20.
473 2230 557 2253 reus
585 2212 648 2251 hic
677 2213 798 2250 totius
828 2224 1018 2248 summam
1048 2210 1248 2247 constituit
1275 2210 1324 2249 si.
1383 2209 1511 2254 Amb.
1534 2228 1610 2256 nec

169 2285 219 2322 ab
249 2297 294 2322 eo
324 2284 403 2321 nisi
428 2284 472 2320 iu
500 2282 713 2319 levioribus
736 2278 911 2316 diversus
931 2274 1040 2315 Flor.
1063 2277 1119 2313 rei
1135 2277 1251 2314 totius
1266 2275 1331 2316 hic
1348 2293 1497 2318 summa
1516 2297 1611 2321 con..

167 2353 323 2389 stilum.
374 2349 465 2387 Jam
493 2363 583 2386 vero
611 2349 647 2385 si
675 2362 750 2384 non
760 2374 772 2395 7
813 2344 882 2383 sed
902 2345 1053 2382 nueola
1078 2350 1261 2381 notatum
1284 2352 1342 2383 est
1360 2346 1458 2397 jam.
1513 2347 1609 2390 Post

167 2419 213 2454 in
236 2419 364 2456 verbis
384 2432 472 2454 nam
492 2416 613 2454 omnis
635 2413 699 2452 hic
718 2413 890 2466 quaestio
909 2409 1034 2449 Aan.
1055 2425 1130 2448 non
1147 2424 1217 2462 pro
1241 2426 1330 2448 nam
1340 2439 1353 2459 ,
1389 2410 1424 2450 F
1425 2415 1498 2453 lor.
1519 2425 1607 2467 post

169 2482 238 2521 Izic
268 2484 401 2534 adjicit
430 2484 514 2522 erit.
571 2480 674 2520 Cum
702 2481 810 2532 prior
840 2492 928 2530 pars
961 2476 1071 2515 haud
1099 2476 1216 2516 dubie
1237 2478 1459 2518 secundum
1477 2478 1604 2523 Amb.

167 2552 369 2589 verissima
397 2552 468 2598 sit,
518 2550 638 2588 etiam
665 2561 768 2601 quae
806 2552 1024 2598 sequtultur
1049 2545 1105 2581 sic
1135 2544 1365 2595 corrigenda
1393 2547 1601 2589 videntur:

169 2629 228 2654 an
256 2631 346 2656 vero
375 2619 410 2656 si
438 2613 716 2656 exheredatum
744 2628 770 2652 α
798 2627 838 2651 se
850 2610 987 2665 filium
1016 2619 1130 2663 pater
1149 2619 1309 2650 testatus
1321 2610 1453 2669 fuerit
1473 2612 1602 2668 elogio
