1757 2979
274 154 329 195 ad
349 154 511 207 Quintil.
532 155 662 196 Instit.
684 153 741 204 X,
764 159 804 196 7.
827 156 862 207 §.
883 158 949 195 33.
1009 151 1091 203 ΧῙ,
1119 158 1167 213 1.
1183 155 1219 205 §.
1245 157 1263 193 1
1278 176 1330 182 —
1345 154 1411 192 44.
1479 154 1560 195 429

233 271 269 320 §.
306 269 371 309 14.
429 271 564 308 evenit.
616 267 707 308 Par.
738 272 776 308 1.
807 272 847 307 2.
875 272 913 308 6,
944 267 1098 306 eveniet.
1210 264 1369 316 deceat,
1399 265 1559 322 facere.

121 332 211 374 Par.
245 341 284 375 2.
314 351 391 374 sec.
420 351 475 376 m.
508 335 672 392 dec-ets
724 334 813 375 Par.
850 340 887 374 1.
919 339 959 374 2.
991 338 1029 373 6.
1062 332 1102 372 ιῖ.
1123 332 1295 371 suadere.
1384 333 1562 374 honeste:

122 413 297 456 conti-aq.
348 401 416 442 Sic
447 402 537 442 Par.
573 409 608 441 1.
644 408 684 443 2.
715 408 752 442 6.
848 401 1082 456 plerumque.
1131 399 1201 441 Sic
1229 399 1322 440 Par.
1350 405 1386 440 1.
1440 400 1559 454 plura

121 467 210 508 Par.
236 476 273 509 2.
300 475 338 509 6.
423 481 630 509 emensam.
682 470 748 510 Sic
772 469 862 510 Par.
886 475 924 508 1.
953 475 992 509 2.
1015 474 1049 508 6.

233 539 268 586 §.
303 541 367 576 17.
426 539 463 575 in
484 541 598 577 veris.
644 536 711 578 Sic
734 537 824 577 Par.
855 542 891 576 1.
917 543 955 577 2.
982 542 1018 576 6.

232 605 269 653 §.
304 608 367 643 18.
412 603 532 659 fecit.
572 603 665 644 Par.
689 610 724 644 1.
741 603 918 660 2.faci!.
1006 607 1046 643 in
1067 600 1283 644 consulatu.
1321 598 1462 644 Par.2.
1480 619 1560 644 sec.

116 684 172 710 m.
196 675 234 710 6.
258 669 404 711 consul.
1163 689 1174 722 φ’

230 740 266 790 §.
303 743 367 778 19.
431 736 510 792 [Si
523 736 688 791 judices.
747 737 837 779 Non
869 740 1000 793 placet
1023 737 1160 792 Spald.
1187 741 1318 778 crisis:
1359 739 1559 792 siquidem

113 804 212 858 quid
240 816 295 844 est
331 815 370 845 et
400 806 550 845 iudices
579 815 661 845 tam
689 821 833 859 parum
859 811 963 846 inter
993 823 1033 846 se
1065 807 1275 854 differunt,
1317 814 1361 845 ut
1391 808 1440 844 ob
1471 822 1559 844 eam

114 875 344 911 varietatem
376 875 510 912 locum
547 871 857 912 Ciceronianam
890 883 930 911 et
959 875 1200 912 sententiam
1230 875 1311 923 jam
1338 876 1561 913 absolutam

114 940 413 992 quodammodo
433 942 475 977 in
497 941 605 991 vulg.
635 941 877 991 pessundare
901 942 1043 979 nolim.
1105 937 1276 988 Quintil.
1299 943 1353 979 sic
1371 944 1500 993 potius
1522 951 1560 981 et

111 1005 178 1044 hic
210 1015 251 1045 et
277 1008 381 1044 infra
412 1010 450 1056 3,
471 1011 524 1047 97
545 1009 742 1059 scripsisse
769 1008 950 1046 videtur:
994 1009 1029 1045 si
1051 1006 1144 1061 quid
1164 1017 1219 1045 cst
1238 1009 1383 1060 ingenii
1402 1011 1440 1047 in
1459 1008 1560 1060 ma]

197 1072 284 1124 Quo
308 1075 459 1129 ingestio
480 1076 618 1132 minias.
659 1072 752 1113 Par.
779 1078 816 1114 1.
848 1079 885 1113 6.
909 1073 1011 1128 quod
1030 1076 1056 1113 i.
1077 1091 1129 1113 m.
1167 1073 1260 1115 Par.
1287 1080 1328 1115 2.
1349 1079 1440 1130 quia
1459 1079 1483 1117 i.
1505 1094 1558 1117 m.

224 1141 260 1191 ᾧ.
292 1146 360 1180 21.
420 1140 562 1181 aliena.
601 1140 668 1181 Sic
690 1140 778 1181 Par.
801 1148 838 1182 2.
862 1158 937 1181 sec.
956 1157 1034 1192 m.‚
1064 1143 1135 1180 sed
1153 1140 1244 1181 Par.
1271 1147 1308 1182 1.
1331 1147 1368 1182 6.
1391 1159 1474 1184 om.

109 1210 151 1246 in
175 1210 274 1261 jact.
325 1207 418 1248 Par.
455 1214 492 1248 1.
524 1214 563 1249 2.
596 1213 633 1249 6.
654 1224 735 1248 om.
758 1211 813 1248 in.
868 1209 1003 1263 [quod
1024 1208 1297 1262 Spaldingius‚
1327 1214 1497 1250 nimiam
1514 1215 1558 1252 in

110 1276 306 1314 eiusmodi
343 1279 459 1331 rebus
495 1277 694 1316 mendosis
733 1277 933 1316 codicibus
965 1277 1085 1315 fidem
1117 1280 1316 1327 tribuens,
1356 1282 1558 1321 immerito

109 1342 299 1395 recepit.]
386 1359 426 1381 se
448 1342 597 1383 nobilis.
638 1343 730 1383 Par.
757 1348 793 1384 1.
816 1349 856 1383 2.
884 1348 921 1383 6.
952 1347 1072 1383 inser.
1103 1355 1224 1397 neget.

222 1411 258 1462 ξ.
289 1411 357 1450 24.
418 1421 453 1449 ct
479 1410 528 1451 O.
569 1410 636 1450 Sic
658 1410 748 1451 Par.
773 1415 805 1450 6.
821 1443 831 1461 ‚
872 1412 942 1450 sed
963 1411 1053 1451 Par.
1079 1416 1116 1451 1.
1137 1418 1176 1453 2.
1207 1428 1288 1454 om.
1380 1431 1461 1456 eum
1485 1416 1558 1458 ‹lo-

110 1479 202 1518 cuit.
242 1477 311 1519 Sic
332 1477 425 1517 Par.
453 1483 489 1518 1.
513 1483 575 1529 6.,
619 1479 689 1518 sed
716 1477 807 1518 Par.
829 1483 869 1518 2.
895 1481 1013 1517 inser.
1038 1495 1179 1520 omnes.

222 1545 260 1595 §.
293 1550 360 1586 28.
421 1544 507 1585 loco
536 1562 621 1598 neg.
671 1545 740 1587 Sic
771 1544 865 1586 Par.
890 1550 928 1586 1.
951 1552 992 1587 2.
1015 1550 1053 1588 6.
1137 1547 1261 1588 vobis.
1303 1547 1371 1589 Sic
1397 1549 1488 1592 Par.
1517 1557 1556 1593 1.

107 1612 169 1651 his
189 1611 282 1653 Par.
305 1618 345 1653 2.
373 1629 451 1653 sec.
473 1628 529 1652 m.
553 1617 592 1653 6.

219 1681 256 1731 §.
288 1685 356 1721 29.
418 1679 758 1734 reprehendendus.
805 1679 897 1720 Par.
936 1686 972 1721 1.
1000 1686 1040 1722 2.
1072 1680 1340 1736 reprehendas.
1393 1685 1484 1728 Par,
1515 1692 1553 1728 6,

106 1748 326 1803 rependens.
411 1762 486 1802 quo
516 1748 565 1786 ab
595 1751 694 1803 ipso.
744 1746 838 1788 Par.
862 1753 900 1789 1.
922 1753 961 1789 6.
993 1764 1074 1789 om.
1102 1749 1164 1789 ab.
1217 1750 1309 1791 Par.
1336 1758 1375 1793 2.
1398 1769 1475 1794 sec.
1499 1772 1555 1796 m.

106 1831 161 1856 ex
191 1833 264 1870 quo
294 1819 393 1870 ipso.
457 1813 650 1881 [Locmn
684 1816 926 1855 mendosum
958 1833 1040 1857 esse
1069 1821 1140 1858 vix
1169 1823 1314 1872 poterit
1342 1824 1556 1877 quisquam

104 1896 264 1936 negare.
333 1881 450 1934 Quae
477 1886 587 1921 enim
615 1884 747 1922 sordes
782 1885 903 1924 istae:
955 1902 981 1923 α
1011 1902 1083 1939 quo
1115 1884 1194 1940 (ne
1224 1888 1319 1941 quid
1347 1890 1477 1928 dicam
1506 1893 1557 1931 de

105 1952 363 1990 conversione
389 1966 461 2003 quo
492 1950 568 2002 ab)
597 1953 734 1988 mentis
762 1950 896 1989 habitu
919 1955 1028 1990 mani
1051 1963 1169 1992 esium
1189 1954 1279 1993 est?
1314 1965 1351 1994 et
1372 1961 1459 2011 quis
1481 1961 1555 1998 ad-

103 2019 186 2057 huc
204 2020 344 2056 meniis
366 2017 524 2057 habitus
546 2018 672 2056 dictus
692 2026 748 2056 est
766 2016 786 2058 Ρ
824 2020 1011 2058 orationis
1030 2023 1159 2072 potius
1187 2023 1439 2064 immodestia
1463 2029 1553 2077 fuit,

105 2098 158 2125 ex
186 2100 266 2140 quo
298 2088 464 2138 scriptor
495 2087 549 2124 ait
578 2087 847 2135 conjecturam
875 2086 924 2124 de
954 2090 1131 2126 moribus
1150 2091 1234 2127 fieri
1257 2105 1383 2142 posse.
1443 2093 1552 2134 Vide

102 2156 224 2206 igitur
244 2168 295 2191 an
313 2156 368 2192 sic
383 2155 625 2206 probabilius
647 2167 924 2205 processurum
943 2158 993 2194 sit
1011 2170 1022 2195 ε
1056 2166 1102 2204 et,
1128 2172 1202 2210 quo
1222 2159 1392 2211 ipsorum
1412 2167 1553 2203 mentis

103 2221 259 2261 habitus
282 2220 513 2277 manifestus
532 2222 598 2270 sit,
628 2244 686 2252 -—-
714 2219 816 2259 nihil
832 2224 943 2274 pensi
964 2221 1148 2276 habena]

216 2293 253 2342 §.
285 2293 352 2328 35.
409 2290 670 2342 proposuerit.
721 2286 789 2327 Sic
809 2286 900 2328 Par.
925 2294 964 2328 2.
1010 2295 1284 2346 proposuerint
1313 2293 1405 2336 Par.
1433 2302 1467 2336 1.
1493 2302 1532 2338 5.

215 2358 252 2409 §.
287 2360 353 2396 38.
412 2358 587 2408 tragicos
609 2357 852 2410 comicosque
880 2355 972 2396 Par.
996 2361 1033 2396 1.
1056 2364 1094 2399 2.
1118 2365 1158 2400 6.

169 2411 172 2415 ’
190 2457 194 2458 ⁷
214 2428 250 2475 §.
280 2425 350 2463 41,
407 2434 614 2464 mutarum.
657 2422 724 2470 Sic
743 2422 834 2463 Par.
857 2430 896 2464 2.
916 2440 994 2464 sec.
1012 2441 1068 2466 m.
1110 2426 1202 2468 Par.
1218 2433 1255 2468 1.
1268 2433 1306 2468 6.
1325 2429 1548 2473 multarum.

212 2495 247 2543 §.
278 2493 346 2531 43.
407 2501 570 2531 tantum.
606 2489 673 2531 Sic
695 2490 784 2531 Par.
810 2496 845 2530 1.
866 2497 901 2531 2.
925 2496 963 2532 6.

215 2561 252 2610 §.
284 2560 352 2599 44.
405 2559 685 2613 judicibusque.
725 2557 793 2598 Sic
812 2557 903 2599 Par.
932 2565 969 2600 1.
1007 2561 1207 2618 jucliciisq.
1230 2562 1322 2605 Par.
1344 2570 1384 2605 2.
1405 2581 1479 2606 sec.
1492 2582 1545 2606 m.

101 2625 194 2668 Par.
214 2632 254 2668 6.
269 2626 479 2681 judicibus.
566 2642 682 2668 vana.
721 2625 813 2668 Par.
843 2631 882 2667 6.
904 2644 994 2668 una.
