1721 2974
186 137 265 175 356
610 129 883 186 Supplcmcnla
926 128 1187 168 annotationis

297 248 334 297 §.
369 250 406 284 1.
459 242 643 298 plurium.
700 242 807 281 Flor.
838 238 1062 294 plurimum.
1176 238 1378 278 discretus.
1426 235 1546 276 Amb.
1581 240 1617 275 1.

187 312 385 352 discretio.
501 322 535 349 ct
560 320 676 348 reela.
724 306 846 347 Amb.
878 312 914 346 1.
946 315 985 346 et
1012 306 1118 346 Flor.
1139 309 1330 345 omittunt
1351 315 1399 343 ct.
1513 302 1622 341 loca-

187 383 256 418 tio·
313 378 432 418 Amb.
458 383 494 417 1.
526 376 733 416 collocatio
765 373 884 426 (cum
907 382 1021 412 antea
1040 375 1176 412 fuisset
1197 368 1458 424 conlocatio).
1513 368 1621 407 FIor.

188 455 227 485 et
254 445 377 485 Paris.
412 450 448 484 1.
483 454 518 481 ct
549 442 706 481 locatio.
783 439 940 492 [Unice
976 454 1111 479 veram
1138 442 1373 491 scripturam
1400 440 1482 489 jam
1507 445 1624 475 antea

187 516 387 566 cognitam
405 510 657 563 Spaldingius
687 509 761 545 sibi
780 510 999 559 stribligine
1022 510 1223 546 variarum
1240 509 1458 544 lectionum
1481 505 1623 542 obscu-

187 583 263 619 rari
291 594 420 632 passus
451 585 520 615 est.
585 573 766 627 Apparet
798 575 929 613 denuo
960 590 1011 613 ex
1041 571 1161 613 Amb.
1188 578 1225 612 1.
1266 573 1460 611 divisio
1497 585 1625 608 rerum

184 646 354 701 plurium
378 647 416 681 in
445 641 644 694 singulas,
681 643 906 695 partitio
935 639 1177 693 singularum
1198 643 1238 678 in
1263 649 1396 694 parics
1426 637 1624 685 discretio,

187 729 210 752 ο
224 712 309 750 rtlo
340 720 443 749 recta
465 708 656 763 quac-clam
677 707 885 747 collocatio
902 708 1101 762 prioribus
1122 709 1315 760 sequentia
1333 702 1583 753 annectens]

300 779 334 829 §.
368 782 408 816 2.
466 786 507 814 ut
540 786 680 816 cetera.
734 774 840 815 Flor.
870 778 970 815 item
998 775 1188 814 mendose
1217 776 1375 813 interea.
1487 781 1626 825 patro-

188 862 257 885 nus
287 846 418 882 omnia
445 842 509 881 vel
536 859 658 896 paene
685 845 827 881 omnia.
885 841 1012 881 Aan.
1044 846 1079 880 1.
1104 843 1241 880 ceteris
1271 842 1421 880 omissis
1440 849 1629 893 patronus

188 914 317 951 omnia
332 926 466 964 paene.
523 906 663 962 Itaque
690 912 771 958 jam
800 918 961 960 apparet
981 922 1060 962 quo
1081 911 1277 960 pertineat
1298 909 1457 946 omissio
1486 905 1626 944 adver-

187 981 244 1017 bii
286 976 353 1015 vel
385 980 429 1014 in
469 977 556 1015 cod.
594 976 700 1016 Flor.
739 984 784 1014 ut
823 984 862 1014 et
896 978 940 1013 in
975 973 1110 1014 Turio.
1146 983 1184 1013 et
1215 974 1369 1014 Almel.
1436 972 1629 1012 Edjderat

188 1044 431 1085 Obrechtius
457 1053 645 1097 patronus
676 1059 697 1082 c
713 1052 864 1080 ontra
890 1044 1020 1080 omnia
1049 1051 1124 1081 cet.
1185 1040 1265 1080 Sed
1285 1050 1422 1080 contra
1445 1054 1529 1078 nou
1545 1052 1627 1076 esse

188 1115 232 1150 111
260 1110 382 1149 Amb.
409 1116 445 1149 1.
478 1113 590 1150 certis
618 1112 747 1150 verbis
775 1111 930 1147 notavit
960 1111 1030 1161 qui
1061 1124 1155 1147 eum
1179 1111 1328 1147 librum
1346 1107 1516 1147 contulit
1535 1118 1628 1144 cum

188 1180 280 1218 edit.
302 1177 497 1223 Obrecht.
606 1187 880 1230 praepararet.
936 1174 1060 1215 Amb.
1087 1181 1123 1215 1.
1149 1184 1372 1228 praeparet.

301 1246 337 1293 §.
371 1249 409 1283 3.
469 1242 541 1282 alii
561 1242 709 1282 docere.
769 1243 895 1282 Amb.
917 1248 955 1283 1.
988 1243 1045 1282 ali
1071 1245 1206 1280 abrasa
1229 1256 1311 1279 una
1332 1243 1398 1280 vel
1416 1243 1539 1279 altera
1558 1241 1627 1277 lit-

185 1322 269 1352 tera
296 1314 341 1349 111
369 1314 461 1349 fine.
520 1307 569 1348 In
594 1309 718 1350 Paris.
745 1316 780 1350 1.
803 1316 841 1350 2.
869 1309 962 1350 alio.
1020 1309 1056 1349 E
1084 1308 1190 1348 Flor.
1216 1308 1321 1347 nihil
1347 1315 1545 1346 enotatur.

187 1390 319 1418 mutua
338 1395 423 1417 cum
446 1376 714 1417 Obrechtium
742 1381 919 1430 primum
938 1378 1167 1416 emendasse
1185 1377 1339 1414 notavit
1357 1373 1630 1423 Burmannus,

187 1447 258 1485 sed
278 1448 361 1498 ipse
381 1454 516 1483 tamen
529 1443 772 1483 Obrechtius
793 1445 902 1482 1111110
921 1447 1058 1483 10011111
1074 1459 1159 1482 11011
1178 1445 1293 1495 ponit
1312 1445 1354 1479 in
1377 1443 1632 1480 contentione

187 1527 282 1551 suae
305 1521 343 1550 et
365 1510 610 1551 Oxoniensis
637 1512 834 1550 editionis.
895 1511 977 1551 Sed
995 1527 1086 1550 vere
1117 1525 1199 1549 esse
1225 1509 1483 1548 emendatum
1502 1505 1628 1546 Amb.

190 1584 227 1619 1.
255 1581 446 1630 scriptura
473 1578 667 1628 ostendit,
710 1580 753 1616 in
784 1593 864 1632 quo
896 1593 918 1616 a
946 1579 1076 1630 prima
1102 1592 1229 1615 manu
1259 1585 1317 1615 est
1347 1576 1632 1614 accusationem

187 1655 392 1694 timaeum,
456 1647 502 1683 ab
541 1648 665 1684 altera
702 1646 866 1683 demum
896 1647 1049 1683 factum
1083 1659 1260 1682 vacuum.
1327 1641 1435 1682 Flor.
1470 1644 1551 1692 jam
1589 1650 1631 1679 ut

188 1728 352 1751 vacuum
381 1714 600 1764 perspicue.
717 1711 924 1750 diversum.
984 1710 1091 1749 Flor.
1121 1709 1300 1748 divisum.
1416 1707 1509 1762 quid
1538 1710 1633 1761 ipse.

188 1777 256 1818 Sic
278 1781 398 1816 etiam
417 1777 542 1816 Amb.
567 1782 604 1817 1.
625 1786 664 1816 et
681 1776 787 1816 Flor.

300 1849 334 1897 §.
367 1851 405 1885 5.
465 1843 586 1882 dictu.
643 1842 748 1882 Item
777 1843 885 1882 Flor.
916 1843 1074 1882 [lictum.
1175 1859 1257 1896 per
1277 1841 1383 1895 quid.
1434 1839 1562 1880 Amb.
1594 1844 1632 1879 1.

185 1928 256 1966 per
272 1927 368 1966 quae
390 1911 445 1950 id.
561 1913 597 1949 si
625 1927 694 1950 con
721 1927 844 1948 essum
872 1926 959 1949 non.
1018 1908 1155 1948 Etiam
1184 1908 1312 1949 Amb.
1336 1914 1373 1948 1.
1400 1917 1440 1947 et
1467 1907 1575 1946 Flor.
1599 1907 1636 1945 si

189 1994 266 2016 ΤΖΟη
299 1994 368 2016 CON
388 1994 530 2017 I’SSHTH.

303 2049 339 2096 ξ.
372 2049 410 2084 6.
475 2044 723 2083 Transibam.
769 2043 876 2083 Flor.
907 2043 1155 2083 transiebam.
1270 2042 1525 2082 obtinebatur.
1565 2039 1633 2080 Sic

191 2112 337 2150 habere
360 2110 484 2150 Paris.
510 2116 546 2150 1.
579 2120 745 2150 annotat
770 2110 1006 2161 Pottierius‚
1046 2119 1182 2149 contra
1207 2109 1459 2163 objiciebatur
1488 2123 1570 2147 esse
1590 2110 1634 2146 in

190 2178 314 2219 Paris.
339 2183 377 2217 2.
411 2177 462 2230 (i.
489 2193 522 2217 e.
541 2176 727 2216 Vallensi
738 2176 763 2231 ).
878 2177 921 2216 id
948 2177 1026 2216 tale
1056 2187 1126 2216 est.
1182 2177 1289 2217 Flor.
1322 2176 1366 2215 id
1384 2185 1440 2214 est
1461 2174 1551 2215 tale.

304 2249 338 2296 §.
369 2249 407 2283 8.
463 2259 554 2282 vero
573 2254 622 2282 ct.
680 2244 788 2284 Flor.
818 2247 917 2284 item
938 2255 973 2282 et
997 2261 1081 2297 ego.
1139 2242 1265 2283 Amb.
1291 2248 1327 2282 1.
1359 2259 1464 2295 ergo.
1564 2250 1633 2280 aut

192 2313 335 2364 ignom.
396 2307 463 2350 Sic
493 2313 614 2348 etiam
644 2310 751 2351 Flor.
788 2320 828 2350 et
855 2309 981 2350 Amb.
1007 2316 1045 2352 1.
1077 2311 1167 2364 (hic
1188 2311 1349 2364 quidem
1371 2324 1394 2348 a
1412 2323 1536 2347 manu
1554 2323 1632 2347 sec.

192 2392 285 2417 cum
308 2392 328 2415 a
349 2380 478 2430 priore
502 2386 602 2416 esset
621 2377 706 2430 ut.)
767 2376 850 2417 Sed
880 2380 979 2416 enim
1008 2379 1167 2418 videtur
1185 2381 1336 2417 lectum
1357 2391 1439 2415 esse
1459 2378 1502 2413 iu
1522 2383 1635 2414 utro-

192 2459 285 2497 que.
341 2444 465 2483 Paris.
490 2441 525 2483 1.
558 2445 701 2483 dicitur
721 2446 912 2484 exhibere
931 2444 1031 2483 exul
1047 2448 1146 2483 enim
1164 2461 1251 2483 eras
1269 2454 1318 2483 et.
1432 2441 1503 2481 Sic
1520 2440 1632 2496 expl.

189 2510 327 2552 Etiam
345 2509 463 2549 ⁹Flor.
485 2519 524 2549 et
542 2509 664 2550 Aan.
688 2516 723 2550 1.
751 2514 798 2550 si.
913 2513 1081 2565 incipiat
1101 2522 1138 2550 et
1158 2509 1412 2551 considerari.
1463 2508 1570 2549 Flor.
1594 2516 1635 2548 et

191 2573 317 2615 Amb.
350 2582 386 2616 1.
425 2578 583 2630 incipiet
619 2576 875 2619 considerari.
932 2577 1109 2633 [Chsist.
1141 2576 1307 2619 Godofr.
1337 2576 1552 2619 Schiitzius
1588 2577 1632 2615 in
