1721 2974
149 119 229 156 286
589 114 859 170 Supplcmenta
888 116 1153 155 annotationis

148 225 362 279 πολεμίζοι.
417 225 476 267 Ea
503 242 618 267 causa
651 231 776 267 inesse
808 228 962 267 videtur
978 229 1020 266 in
1043 230 1170 271 verbis
1189 230 1328 268 (mimis
1355 233 1576 283 crescant]

227 305 344 348 prout
363 305 436 334 rat.
482 293 588 335 Flor.
618 311 639 334 a
664 310 721 348 pr.
743 309 799 334 m.
833 297 952 333 etiam
981 305 1022 333 ut
1041 312 1116 349 pro
1141 306 1216 336 rat.
1299 295 1389 336 Toss.
1413 303 1450 338 1.
1481 316 1578 352 quac

148 373 189 401 ut
217 373 292 402 rat.

253 433 291 483 §.
326 432 390 470 15.
451 439 657 468 contentus.
710 427 848 482 Camp.
871 432 1162 484 consequentiis.
1243 416 1411 484 possem.
1450 429 1579 472 Amb.

146 503 183 538 1.
200 499 358 552 possim.
407 493 529 536 Goth.
553 495 691 548 Camp.
709 513 881 551 possum.

256 567 292 615 §.
326 567 391 603 16.
479 563 555 600 Tam
575 573 610 600 et
654 581 726 604 cre.
769 562 891 605 Goth.
912 562 1019 605 Jens.
1040 574 1078 605 et
1096 564 1185 605 edd.
1208 572 1299 604 ante
1321 562 1422 606 Bad.
1447 568 1574 605 omitt.

143 644 192 672 ct.
313 633 352 669 in
384 629 584 669 invidiam.
638 629 763 671 Ajnb.
804 635 840 672 1.
872 646 1063 672 asec.1n.
1095 638 1132 672 2.
1164 634 1285 670 etlam
1312 634 1353 670 in
1379 635 1577 685 injuriam.

143 701 267 740 Amb.
294 704 329 738 1.
354 713 376 737 a
400 712 460 752 pr.
488 712 543 735 m.
560 695 666 736 Flor.
694 696 784 739 Par.
806 704 846 738 2.
871 703 910 740 3.
933 702 1131 753 injur-iam.
1179 698 1269 738 Par.
1292 703 1330 737 3.
1362 713 1384 738 a
1413 714 1491 738 sec.
1522 714 1576 739 m.

144 773 185 808 in
207 766 403 806 invidiam.
498 767 534 802 ίη
553 774 635 819 poi.
658 782 735 804 am.
776 763 842 805 Sic
867 769 986 805 etiam
1007 766 1093 806 Par.
1119 771 1157 806 1.
1184 770 1245 815 3.,
1287 764 1412 805 Amb.
1432 771 1472 805 2.
1494 781 1575 805 om.

141 840 198 875 in.
256 834 362 873 Flor.
391 846 415 870 a
442 843 503 884 pr.
530 847 588 872 m.
617 831 749 872 Amlx
768 838 807 873 1.
835 833 925 874 Par.
948 839 988 874 2.
1012 833 1105 887 quid
1126 851 1199 887 pro
1221 843 1312 871 teste
1333 850 1412 872 am.
1469 832 1577 872 Flor.

141 919 165 943 a
184 919 262 942 sec.
288 916 343 940 m.
365 899 458 954 quid
475 915 548 954 pro
567 910 720 954 potente
739 916 815 940 am.
900 911 992 940 iam.
1030 900 1167 941 Turio.
1190 911 1330 939 tamen.
1411 900 1579 940 hercule.

142 970 276 1011 Guelf.
299 967 440 1007 hercle.
555 970 917 1008 controversiarum.
965 966 1089 1009 Amb.
1109 974 1149 1009 2.
1177 970 1494 1010 controversiam.

128 1038 215 1098 fut.
236 1039 329 1076 sint.
376 1034 444 1075 Sic
466 1037 587 1074 etiam
606 1033 732 1075 Amb.
758 1041 798 1076 2.
831 1034 922 1076 Par.
948 1040 985 1074 1.
1009 1037 1048 1075 4.

252 1105 289 1156 §.
326 1108 390 1144 17.
451 1119 600 1156 argum.
621 1101 737 1142 velut.
779 1101 891 1143 Jens.
911 1101 1011 1143 Ald.
1035 1117 1074 1141 v.
1096 1118 1184 1155 arg.
1270 1117 1414 1142 omnesr.
1448 1100 1575 1142 Ajnb.

137 1180 178 1216 2.
211 1174 348 1213 omnis.
470 1169 717 1227 praepilatis.
776 1168 903 1210 Aan.
938 1175 974 1209 1.
1015 1167 1112 1224 (sed
1144 1185 1167 1208 a
1196 1184 1275 1210 sec.
1307 1184 1433 1207 manu
1465 1171 1578 1221 siguo

137 1241 275 1280 mendi
299 1237 578 1292 superaddito)
613 1252 704 1276 cum
740 1236 874 1277 Turic.
908 1252 932 1276 fl
952 1254 1011 1291 pr.
1030 1253 1084 1277 m.
1111 1235 1396 1292 praecipilatis.
1442 1234 1577 1276 Turic-

138 1325 161 1348 a
189 1324 268 1348 sec.
296 1323 353 1346 m.
382 1308 590 1360 praecipue
612 1304 718 1345 latis.
811 1308 1005 1346 exerceri.
1055 1304 1193 1357 Camp.
1215 1319 1411 1344 exercere.
1504 1318 1579 1343 vo-

138 1376 337 1430 luptatem.
385 1373 494 1414 Jens.
516 1372 634 1414 Tarv.
653 1371 901 1413 voluntatem.
1002 1375 1142 1412 nervis.
1193 1370 1332 1424 Camp.
1351 1372 1493 1410 verius.

138 1444 359 1482 dicentium.
404 1440 530 1481 Amb.
557 1445 594 1480 1.
615 1439 752 1480 Turio.
773 1439 880 1480 Flor.
902 1439 1039 1493 Camp.
1063 1437 1278 1479 dicendum.
1360 1453 1578 1493 puerorum.

134 1511 242 1551 Flor.
260 1525 435 1564 puerum.
485 1507 607 1547 Turlc
625 1524 766 1562 puero,
798 1517 836 1547 et
856 1516 944 1561 post
967 1522 989 1546 a
1006 1523 1066 1560 pr.
1087 1523 1143 1546 m.
1165 1508 1325 1555 exciso,
1358 1520 1451 1545 cum
1469 1504 1576 1544 Flor-

248 1581 283 1627 §.
318 1581 382 1617 18.
437 1577 614 1629 propria.
672 1574 800 1616 Amb.
828 1580 864 1614 1.
892 1581 932 1615 2.
975 1574 1081 1615 Flor.
1112 1574 1202 1614 Par.
1229 1579 1266 1613 1.
1297 1579 1338 1613 2.
1367 1578 1406 1613 3.
1437 1571 1578 1624 Cfflnp.

133 1647 306 1702 proprie.
394 1642 491 1682 alia.
538 1641 674 1682 Turio.
696 1641 804 1681 Flor.
825 1641 975 1696 aliqua.
1071 1645 1209 1695 ipsum.
1257 1639 1384 1680 Amb.
1407 1644 1442 1679 1.
1460 1642 1580 1678 omit-

134 1719 198 1755 tit.
315 1711 520 1752 orationis.
576 1707 711 1749 Guelf.
743 1711 904 1748 omittit.
1015 1718 1099 1747 cute
1133 1710 1337 1762 operimus.
1393 1706 1518 1747 Aan.
1542 1711 1578 1745 1.

137 1785 259 1821 etiam
278 1781 340 1819 cui
363 1780 606 1831 coeperimus,
639 1792 729 1816 cum
748 1779 860 1829 siguo
882 1776 1033 1815 mendi.
1119 1778 1196 1815 sint
1219 1791 1280 1815 ac.
1326 1772 1455 1813 Amb.
1479 1778 1516 1812 1.
1539 1778 1578 1812 2.

136 1849 244 1889 Flor.
268 1857 355 1886 sunt
375 1862 436 1885 ac.
487 1843 622 1885 Guelf.
647 1855 733 1882 sunt
752 1853 801 1882 et.

221 1917 256 1968 ξ.
289 1919 354 1955 19.
414 1914 499 1951 erit.
549 1911 674 1951 Amb.
700 1916 736 1950 1.
759 1912 919 1950 omittit.
1028 1926 1096 1949 nec
1117 1920 1212 1948 iam.
1269 1906 1403 1948 Guelf.
1429 1922 1497 1947 nec
1515 1917 1580 1945 ia-

135 2001 234 2024 men.
283 1981 423 2034 Camp.
442 1980 562 2020 Tarv.
582 1979 681 2019 Ald.
709 1995 826 2032 neque
847 1988 988 2017 tamen.
1083 1976 1289 2015 videbitur.
1338 1974 1476 2028 Camp.
1500 1974 1578 2013 hoc

137 2054 251 2106 ponit
279 2058 368 2103 post
397 2064 480 2087 suo.
594 2049 705 2086 inter.
758 2044 892 2085 Guelf.
914 2044 1039 2085 Amb.
1060 2050 1099 2085 2.
1123 2047 1326 2084 omittunt.
1428 2043 1579 2096 specio-

138 2137 235 2159 sum.
282 2117 408 2158 Aan.
435 2121 471 2155 1.
491 2114 599 2154 Flor.
620 2117 742 2153 etiam
760 2115 1097 2167 speciosissimum.
1197 2111 1358 2165 puiabo.
1412 2108 1579 2149 Omittit

137 2187 264 2227 Amb.
296 2190 335 2225 1.
423 2183 659 2223 Libidinem.
709 2179 812 2221 Bad.
838 2195 859 2219 e
886 2182 990 2231 conj.
1020 2178 1141 2233 Reg.,
1182 2187 1222 2218 et
1247 2177 1356 2217 Ven.
1378 2191 1440 2229 ap.
1464 2173 1577 2215 Gibs.

137 2255 248 2305 licet,
287 2268 387 2308 quae
406 2260 494 2305 post
510 2253 621 2304 juvat
642 2263 711 2302 pro
732 2251 851 2301 juvet.
965 2248 1191 2301 effeminati.
1241 2244 1348 2285 Jens.
1373 2243 1576 2299 effemina-

137 2334 230 2361 ium.
337 2322 542 2371 continget.
587 2316 716 2356 Amb.
741 2320 778 2355 1.
801 2313 833 2354 F
836 2317 910 2354 lor.
934 2318 1054 2353 etiam
1072 2315 1320 2366 contingeret.
1427 2311 1463 2348 si
1483 2325 1575 2363 qua.

139 2388 266 2429 Amb.
299 2392 336 2428 1.
368 2403 391 2427 a
411 2402 488 2426 sec.
507 2401 563 2425 111.
594 2386 629 2423 si
653 2399 760 2437 qnae.
812 2380 946 2423 Guelf.
978 2383 1125 2421 omittit
1156 2396 1244 2434 qua.

250 2455 287 2506 §.
318 2461 386 2496 20.
446 2453 589 2492 dicam.
638 2450 746 2491 Jens.
778 2459 816 2490 et
841 2450 932 2489 edd.
957 2458 1046 2488 ante
1066 2447 1167 2488 Bad.
1194 2446 1382 2486 dicamus.
1468 2459 1575 2482 resu-

138 2525 246 2576 pina.
314 2522 381 2562 Sic
407 2524 527 2562 etiam
548 2519 701 2560 Cervic.
722 2517 853 2559 Colin.
883 2526 974 2557 ante
1004 2514 1157 2568 Gryph.
1211 2512 1270 2552 At
1299 2511 1426 2551 Amb.
1458 2515 1496 2550 1.
1530 2516 1573 2551 2.

140 2589 246 2630 Flor.
267 2589 355 2631 Par.
379 2594 412 2630 1.
433 2591 662 2644 resupinam.
758 2583 969 2624 auditoria.
1014 2582 1151 2622 Turio.
1174 2580 1385 2634 adjutoria.
1478 2593 1574 2632 pro-
