1721 2974
171 156 250 194 332
605 149 879 206 Supplemenia
907 150 1168 188 annotationis

283 264 319 314 §.
351 268 418 304 33.
475 263 687 318 superbum.
742 260 866 302 Amb.
899 267 934 301 1.
970 262 1177 315 superbus,
1222 262 1330 315 prius
1367 262 1529 301 fortasse
1567 267 1613 299 ut

169 331 230 370 ed.
343 342 522 386 tempore.
582 331 649 370 Sic
679 331 799 368 etiam
824 327 932 369 Sich.
1047 338 1083 368 ct
1113 328 1236 368 domo.
1284 327 1393 369 Flor.
1425 331 1547 368 etiam
1568 343 1614 367 ne

169 397 206 438 d.
320 415 368 439 ac
399 409 521 438 notae.
578 397 714 436 Turio.
748 411 771 435 a
798 412 854 450 pr.
883 411 940 435 m.
970 395 1076 436 Flor.
1105 413 1154 436 ac
1186 407 1310 436 nocie.

282 467 317 517 §.
349 468 411 506 34.
471 464 524 504 acl
555 463 698 504 orandi
724 462 829 519 fere.
885 462 988 504 Flor.
1027 467 1147 503 etiam
1177 464 1230 504 acl
1257 479 1368 504 oram
1383 461 1432 519 f.
1489 459 1616 502 Amb.

172 539 208 574 1.
239 533 292 572 ad
313 550 423 573 oram
438 532 546 588 sori.
632 531 811 570 hominis.
854 529 921 571 Sic
952 533 1073 570 etiam
1099 531 1208 572 Flor.
1265 532 1435 571 homines
1453 542 1615 584 quoque

168 600 296 641 Amb.
328 605 365 640 1.
425 615 552 639 omncs
581 598 672 639 Par.
709 603 743 638 1.
858 614 903 637 ne
931 608 1009 638 aut.
1066 596 1185 638 Amb.
1222 604 1258 639 1.
1285 598 1393 638 Flor.
1423 599 1616 636 omittunt

167 684 227 709 ne.
344 670 600 721 insequantur.
657 664 784 706 Aan.
812 671 849 706 1.
881 669 1131 720 insequentur.
1189 665 1321 706 Turic-
1351 667 1616 720 insequuntur.

251 734 394 789 plures,
452 732 592 774 Turio.
625 749 647 772 a
676 749 733 787 pr.
762 748 814 772 111.
844 733 980 787 pluris.
1475 771 1477 774 .
1574 770 1576 773 ,

284 802 321 852 §.
354 803 420 840 35.
480 800 588 840 dicit.
645 800 769 841 Amb.
802 805 839 841 1.
870 800 992 851 dicet,
1038 801 1149 854 quod
1178 815 1320 841 verum
1352 800 1533 850 videtur,
1572 805 1618 837 ut

168 877 426 923 praeceptum
453 870 515 907 sit.
629 868 754 907 salva.
796 866 932 908 'Amb.
958 873 991 908 1.
1022 867 1166 920 salita,
1205 870 1368 908 fortasse
1397 869 1506 921 prius
1535 863 1618 904 sal-

168 937 240 977 lia.
355 935 493 976 dicet..
529 934 651 976 Aan.
677 941 714 976 1.
743 935 851 975 Flor.
881 951 1042 990 quoque
1072 935 1188 975 (lecet.
1301 946 1438 975 autem.
1476 932 1616 984 Camp.

168 1015 247 1045 aut,
361 1003 485 1060 diffie.
515 1003 590 1043 dic.
648 1003 716 1044 Sic
746 1007 870 1042 etiam
897 1003 1020 1043 Aan.
1053 1008 1089 1043 1.
1117 1002 1224 1043 Flor.
1338 1018 1480 1042 omncs.
1526 999 1617 1039 Tu-

168 1075 239 1113 ric.
269 1087 292 1111 a
319 1086 376 1125 pr.
400 1086 455 1111 111.
486 1073 622 1111 omnis.
738 1070 1015 1111 laborabimus.
1075 1070 1180 1112 Flor.
1208 1069 1455 1118 laboramus,
1495 1083 1518 1107 a
1536 1083 1616 1108 sec.

167 1155 220 1180 m.
252 1139 529 1181 laboravimus.

282 1211 319 1260 §.
352 1211 418 1246 36.
473 1208 563 1245 min.
593 1221 695 1246 num.
753 1205 822 1247 Sic
860 1209 981 1247 etiam
1020 1205 1129 1246 Flor.
1246 1204 1363 1244 dicta.
1422 1201 1561 1244 Turio.
1594 1218 1618 1243 a

167 1291 245 1315 sec.
275 1290 327 1313 m.
370 1274 498 1313 (lucia.
614 1292 689 1314 eae.
749 1274 876 1315 Amb.
911 1280 948 1314 1.
993 1273 1103 1315 Flor.
1143 1288 1302 1328 quoque
1342 1287 1422 1313 eas.
1536 1271 1618 1311 hic.

170 1342 335 1385 Omittit
363 1341 500 1381 Turio.
615 1343 747 1396 ipsius.
804 1341 942 1383 Turio.
984 1357 1007 1381 a
1036 1358 1095 1395 pr.
1121 1356 1175 1383 m.
1204 1343 1313 1394 ipsis.

285 1411 319 1461 ᾗ.
351 1413 416 1450 37.
483 1424 538 1449 ex
577 1425 752 1464 corpore.
818 1409 928 1450 Flor.
969 1424 1127 1463 quoque
1151 1411 1208 1447 ·in
1249 1425 1283 1449 c.
1412 1406 1617 1461 dictisque.
1710 1415 1721 1455 Γ,

169 1475 292 1520 Amb.
315 1482 352 1517 1.
386 1476 518 1516 dicitis
538 1480 605 1532 qui
636 1477 684 1531 (a
707 1493 783 1518 sec.
805 1492 861 1518 111.
886 1475 992 1532 que).
1107 1491 1161 1515 eae
1183 1476 1256 1515 his.
1309 1474 1449 1529 Camp.
1469 1485 1507 1515 et
1525 1476 1614 1517 edd.
1710 1462 1711 1467 ¹

167 1560 282 1586 meae
313 1553 404 1584 aute
435 1544 563 1585 Stoer.
594 1561 649 1584 ex
677 1547 741 1596 iis,
782 1561 868 1586 exc.
899 1544 1012 1585 Sich.
1126 1544 1252 1585 Intra.
1293 1542 1421 1584 Amb.
1444 1548 1483 1584 1.
1513 1559 1620 1598 quo-

171 1629 248 1668 que
288 1615 397 1652 inter.
510 1628 657 1653 severa.
718 1612 786 1653 Sic
828 1615 949 1652 etiam
988 1611 1098 1651 Flor.
1137 1611 1230 1653 I'ar.
1265 1616 1303 1652 1.
1334 1617 1374 1653 2.
1499 1611 1621 1654 dicto.

169 1680 296 1722 Amb.
319 1685 357 1720 1.
389 1695 412 1719 a
431 1695 509 1719 sec.
528 1695 583 1719 m.
613 1679 722 1719 Flor.
754 1679 876 1720 dicta.
994 1690 1062 1718 aut
1091 1691 1160 1719 ost.
1209 1678 1346 1731 Camp.
1376 1690 1502 1718 autem
1524 1696 1561 1720 ο.

285 1749 321 1800 §.
352 1753 418 1788 38.
475 1757 602 1787 autem
630 1757 672 1786 ut
700 1746 839 1786 oculis.
895 1745 1004 1786 Flor.
1037 1761 1117 1786 0111.
1149 1756 1212 1797 ut,
1256 1744 1382 1786 Aan.
1411 1752 1449 1787 1.
1479 1757 1618 1787 autem.

253 1816 451 1869 subjicere.
511 1813 648 1854 Turio.
687 1814 868 1854 subicere.
1000 1813 1157 1852 Helvio.
1222 1812 1332 1853 Jcns.
1372 1817 1493 1853 etiam
1529 1814 1620 1853 He·-

169 1882 244 1924 lio.
356 1882 549 1923 Manciae
573 1905 629 1912 —--
656 1881 841 1922 Mancia.
896 1879 1023 1920 Amb.
1058 1885 1096 1920 1.
1134 1879 1243 1919 Flor.
1286 1883 1406 1920 etiam
1444 1886 1623 1937 mancipe

169 1976 229 1987 ..-
259 1967 454 2005 mancepS.
520 1949 631 1990 Sich.
669 1951 843 2003 mancipi
880 1972 938 1980 —
971 1963 1165 2002 manceps·
1270 1947 1362 1987 Jam
1398 1959 1471 1989 ost.
1511 1950 1618 2005 qual.

170 2019 298 2062 Amb.
325 2023 361 2058 1.
392 2018 500 2058 Flor.
531 2021 653 2057 etiam
684 2028 758 2057 ost.
788 2033 823 2072 q.
936 2015 1105 2055 tandem.
1152 2013 1277 2055 Amb.
1303 2024 1341 2056 1.
1373 2019 1535 2057 omittit.

172 2098 282 2127 esset.
339 2083 463 2125 Amb.
498 2089 537 2125 1.
576 2087 735 2125 omitfit.
847 2086 889 2124 in
917 2093 1040 2123 scuto.
1100 2082 1238 2124 Turio.
1283 2093 1325 2122 ut
1351 2100 1406 2124 sc.
1519 2096 1620 2127 scut.

176 2154 323 2196 Cimbr.
375 2153 443 2194 Sic
473 2155 596 2192 etiam
624 2150 747 2192 Amb.
766 2157 804 2192 1.
918 2153 1040 2191 circa.
1100 2150 1209 2191 Jens.
1240 2150 1358 2191 Tarv.
1388 2154 1506 2192 citra.

288 2223 325 2274 §.
358 2226 423 2262 39.
486 2219 665 2275 Cepasio.
714 2218 841 2259 Aan.
865 2223 902 2258 1.
931 2220 1123 2272 caepasio.
1208 2229 1277 2258 aut
1296 2218 1364 2258 M.
1411 2217 1480 2259 Sic
1499 2221 1620 2260 etiam

171 2288 301 2332 Amb.
337 2294 378 2329 1.
416 2288 527 2329 Flor.
647 2287 704 2327 D.
761 2285 829 2326 Sic
876 2288 996 2325 etiam
1024 2283 1149 2325 Amb.
1179 2289 1215 2325 1.
1255 2284 1365 2326 Flor.
1478 2285 1620 2327 Laelii.

174 2357 314 2398 Turio.
347 2372 369 2395 a
392 2372 451 2410 pr.
474 2370 529 2396 m.
559 2354 669 2394 Flor.
697 2353 827 2394 Laeli.
944 2352 1199 2408 collegaeque.
1259 2351 1396 2393 Turio.
1428 2368 1451 2392 a
1481 2369 1540 2406 pr.
1562 2368 1619 2394 111.

177 2424 351 2477 collegae
390 2440 505 2483 ᾳιιαε..
558 2421 668 2462 Flor.
711 2421 862 2475 collega
900 2437 1010 2476 quae.
1132 2422 1173 2459 in
1197 2422 1371 2474 provinc.
1427 2420 1566 2461 Turio.
1597 2435 1620 2461 a

175 2507 254 2532 sec.
277 2507 330 2531 m.
360 2493 498 2532 Guelf.
530 2492 721 2530 omittunt
748 2491 803 2529 in.
914 2487 1056 2545 festiv.
1086 2497 1153 2527 esi.
1210 2486 1278 2527 Sic
1308 2489 1430 2527 etiam
1453 2487 1563 2529 Flor.

293 2561 332 2610 ᾗ.
359 2559 425 2599 40.
482 2557 670 2597 Fabricii.
717 2556 855 2597 Turic.
889 2571 911 2595 a
939 2571 998 2609 pr.
1024 2570 1081 2595 m.
1110 2554 1284 2595 Fabrici.
1404 2554 1447 2595 C.
1475 2555 1622 2595 Fabri-

181 2627 246 2667 cii.
305 2625 443 2666 Turio,
475 2639 497 2665 a
524 2639 585 2679 pr.
617 2638 672 2664 m.
710 2623 819 2665 Flor.
854 2622 899 2663 G.
931 2622 1106 2663 Fabrici.
1220 2621 1427 2663 ornandae.
1481 2620 1620 2676 Camp.
