1721 2974
404 149 456 191 ad
489 146 651 202 Quintil.
687 145 816 187 Instit.
855 144 911 198 V,
946 151 1009 187 11.
1055 146 1093 197 §.
1123 151 1319 189 29—37.
1499 155 1577 191 281

140 284 171 307 e.
205 282 240 307 c,
363 264 662 304 matrimonium.
724 260 832 302 Jens.
871 260 992 302 Tarv.
1034 263 1296 302 matrimonio.
1408 263 1579 320 fuerint.

141 334 277 375 Guelf.
295 332 478 391 fuerunt.
571 340 745 370 mentem.
794 328 920 370 Amb.
943 334 980 369 1.
1012 331 1148 369 menti».
1202 327 1340 384 Camp.
1362 342 1496 372 mente.

138 405 311 442 matrim.
335 418 410 441 non
424 399 570 458 fuisse.
620 397 761 451 Camp.
787 396 880 455 ruf:
901 414 954 438 m.
1007 394 1131 438 Aan.
1157 399 1206 446 1<
1227 411 1251 437 a
1268 412 1329 452 pr.
1361 412 1417 439 m.
1439 403 1581 439 matri-

141 472 247 510 moni
277 487 315 509 n.
333 468 371 524 f.

253 562 291 612 §.
305 563 371 598 33.
402 557 530 613 quale.
559 556 698 598 Turio.
709 554 850 609 Camp.
865 554 1011 610 quales,
1046 553 1172 598 Amb.
1182 560 1220 596 2.
1236 554 1342 610 qual.
1429 559 1465 596 si
1482 561 1581 612 quis,

141 628 263 668 Amb.
278 631 315 666 1.
335 628 371 664 si
390 628 469 681 qui.
556 642 616 665 me
634 626 748 663 exire
768 623 895 663 domo.
927 625 1048 664 Amb.
1061 628 1102 664 1.
1114 640 1166 664 m.
1179 625 1292 663 exire
1307 623 1354 662 de
1367 623 1408 664 ἄ.
1441 625 1583 681 Camp.

141 713 192 736 m.
203 696 241 736 d.
254 713 286 736 c.
321 695 430 735 Jens.
454 702 493 733 et
515 694 605 734 edd.
619 701 712 732 ante
723 689 880 731 Bad.d.
893 708 942 732 m.
957 708 990 732 e.
1080 693 1280 745 co'figisset.
1317 691 1454 734 Turio.
1475 693 1506 733 F
1508 698 1582 736 lor.

143 779 167 803 a
185 780 245 817 pr.
255 779 310 803 m.
335 764 514 815 cogis-set.
600 762 636 799 si
654 762 754 815 quis,
797 759 918 798 Amb.
941 764 1039 808 1.,2.
1060 758 1092 799 F
1094 762 1168 800 lor.
1190 762 1226 799 si
1245 763 1325 814 qui.
1410 764 1586 805 introire.

142 830 211 871 Sic
241 833 361 870 etiam
384 829 490 870 Flor.
524 829 645 870 Amb.
666 833 707 869 2.
801 827 959 882 prohib.
1008 826 1151 881 Camp.
1178 829 1330 882 prehib.
1423 830 1518 870 Non
1537 834 1585 872 si.

141 898 174 938 F
178 903 248 938 lor.
282 899 389 937 Alm.
420 900 542 937 etiam
571 912 648 936 non
668 896 756 935 nisi.
815 896 937 934 Amb.
963 899 1001 934 1.
1025 894 1176 936 Vidov.
1198 913 1273 936 non
1291 899 1342 938 is.
1427 896 1586 952 legavit.

143 965 285 1019 Camp.
315 965 517 1018 legaverit.
617 963 846 1003 nominibus.
896 961 1037 1016 Camp.
1068 964 1257 1005 omnibus.

254 1048 289 1097 §.
312 1045 378 1084 34.
432 1042 683 1097 Ἀναλογίαν.
721 1040 829 1082 Flor.
853 1043 1085 1095 anozoycav.
1125 1043 1245 1083 Amb.
1268 1050 1308 1085 2.
1337 1046 1435 1085 item
1459 1063 1588 1087 αποα-

140 1128 250 1152 πιαν.
357 1128 383 1151 a
402 1111 535 1152 simili.
590 1113 710 1150 Amb.
733 1115 774 1151 2.
793 1125 870 1150 om.
891 1125 928 1150 α.
1009 1112 1067 1149 εἰσ
1086 1109 1224 1150 decem.
1270 1113 1391 1153 Amb.
1415 1118 1453 1154 1.
1478 1114 1588 1156 Flor.

140 1183 262 1219 etiam
292 1190 326 1218 et
355 1179 393 1219 (Ζ.
448 1181 566 1220 Amb.
588 1185 627 1220 2.
659 1189 694 1217 ct
724 1175 776 1217 acl
806 1176 846 1217 (ἶ.
944 1188 1058 1217 certe.
1107 1179 1229 1219 Amb.
1258 1185 1294 1220 1.
1326 1180 1462 1222 Turio.
1480 1182 1587 1224 Flor.

143 1247 284 1301 Cfflnp.
298 1247 417 1287 Voss.
441 1252 480 1287 3.
502 1258 658 1287 certum.
701 1245 822 1284 Amb.
846 1250 884 1284 2.
908 1247 1017 1284 certi.
1062 1244 1174 1286 Jens.
1199 1255 1239 1287 et
1258 1249 1349 1289 edd.
1373 1259 1465 1289 ante
1483 1249 1587 1292 Bad.

141 1326 198 1354 est
229 1325 345 1355 certe.
447 1314 587 1354 malus.
638 1315 757 1353 Amb.
789 1319 830 1354 2.
860 1310 998 1353 malos.
1111 1315 1301 1357 dominae.
1347 1319 1467 1358 Amb.
1493 1324 1525 1358 1.
1546 1326 1588 1360 2.

139 1382 250 1423 Flor.
287 1382 378 1422 Par.
401 1387 439 1422 1.
469 1385 588 1422 etiam
615 1381 786 1422 domino.
837 1379 927 1422 Par.
952 1386 990 1421 3.
1020 1383 1143 1422 etiam
1168 1382 1327 1424 domini.
1440 1386 1588 1428 multis.

141 1452 262 1490 Amb.
284 1455 322 1490 1.
352 1449 459 1490 Flor.
483 1452 612 1490 mutis.

254 1530 291 1581 §.
322 1532 390 1569 35.
450 1544 504 1568 cx
523 1527 670 1567 dissim.
716 1527 838 1568 Amb.
861 1533 898 1568 1.
921 1545 946 1567 a
967 1527 1063 1569 diss.
1167 1530 1271 1585 quod
1290 1531 1393 1572 dom.
1448 1531 1588 1588 Camp.

141 1599 209 1651 qui
228 1596 268 1637 (l.
356 1598 485 1636 mutis.
538 1597 659 1636 Amb.
686 1600 724 1636 1.
756 1594 863 1636 Flor.
886 1593 1034 1637 multis.
1116 1599 1219 1653 finis
1240 1602 1389 1640 omittit
1407 1600 1526 1641 Amb.
1549 1607 1588 1643 1.

225 1667 318 1718 quin
345 1663 466 1703 Amb.
487 1668 525 1703 1.
556 1662 647 1703 Par.
672 1667 710 1703 1.
731 1666 934 1703 omittmlt.
1035 1681 1090 1704 ew
1112 1678 1235 1707 confr.
1253 1693 1311 1699 —-
1330 1668 1429 1708 idco.
1477 1669 1590 1710 Haec

140 1746 221 1771 om.
254 1735 374 1772 Amb.
397 1737 437 1771 1.
498 1731 603 1783 Quia
621 1754 677 1763 --
696 1747 772 1771 non
793 1746 874 1771 om.
904 1731 1013 1773 Flor,
1040 1749 1062 1773 a
1080 1750 1140 1788 pr.
1161 1751 1218 1776 m.
1307 1753 1382 1777 non
1405 1736 1591 1778 rational.

139 1800 261 1841 Amb.
284 1805 323 1840 1.
344 1802 462 1839 inrat-

255 1880 292 1929 §.
325 1883 393 1918 36.
452 1877 688 1918 Adhibetur.
738 1878 860 1918 Amb.
889 1883 928 1919 1.
956 1884 998 1920 2.
1029 1879 1168 1922 Turio.
1192 1882 1449 1925 adhibebitur.
1566 1903 1592 1925 a

142 1946 294 2000 quibus.
338 1947 459 1984 Amb.
484 1950 522 1985 1.
541 1948 701 1997 omittit,
731 1961 808 1986 sec.
830 1962 887 1987 m.
911 1949 1050 1987 inserit
1067 1952 1148 2003 qui.'
1237 1951 1435 1993 dicuntur.
1467 1952 1588 1993 Amb.

144 2020 182 2054 1.
204 2013 358 2064 dicunt,
400 2016 538 2053 abraso
562 2030 622 2054 ur.
709 2029 794 2053 voc.
815 2030 889 2053 non
911 2014 970 2054 dc.
1017 2016 1141 2057 Amb.
1170 2022 1206 2058 1.
1228 2025 1267 2059 2.
1297 2006 1591 2075 Ε101·.(]ιιο(μ16

141 2085 334 2122 omittunt
362 2097 448 2120 non.
547 2097 680 2121 causa.
727 2079 852 2120 Amb.
879 2085 916 2120 1.
946 2084 1097 2135 causis,
1138 2087 1299 2126 fortasse
1319 2091 1427 2140 prius
1455 2105 1589 2129 causa.

229 2152 265 2189 si
285 2148 393 2205 quid.
434 2149 554 2188 Amb,
579 2153 616 2188 1.
648 2146 784 2188 Guelf.
810 2148 918 2189 Ahn.
944 2154 1070 2191 omitt.
1090 2154 1139 2193 si.
1180 2153 1321 2208 Camp.
1344 2158 1380 2195 si
1403 2156 1518 2210 quod.

139 2221 280 2258 visum.
331 2216 470 2257 Turio.
503 2219 543 2256 in
561 2233 683 2256 usum.
732 2213 868 2257 Guelf.
899 2234 1020 2259 usum.
1124 2220 1353 2264 illustribus.
1400 2225 1520 2266 Amb.
1547 2230 1588 2266 2.

141 2285 381 2325 inlustribus.

256 2351 358 2407 [Ad
387 2361 525 2392 notam
553 2368 666 2406 exeg.
699 2353 748 2393 de
775 2354 1062 2406 significatione
1091 2356 1168 2397 hac
1193 2361 1300 2398 vocis
1319 2358 1448 2414 κρίσις
1467 2358 1590 2414 Spal-

145 2421 300 2474 dingius
322 2421 547 2474 adscripsit:
592 2420 655 2462 Cf.
678 2420 807 2475 Toup.
832 2421 882 2460 ad
900 2419 1076 2477 Longin.
1104 2440 1140 2478 p,
1163 2426 1282 2478 291]

257 2504 292 2553 §.
331 2504 398 2540 37.
463 2500 536 2541 vel.
596 2499 664 2540 Sic
697 2504 821 2541 etiam
847 2500 967 2542 Amb.
999 2508 1036 2543 1.
1065 2502 1171 2543 Flor.
1277 2506 1585 2549 accommodata.

145 2566 266 2607 Amb.
303 2573 340 2606 1.
378 2566 514 2608 Turio.
548 2579 587 2609 et
613 2568 745 2620 Flor„
797 2578 962 2624 uterque
993 2586 1015 2610 a
1044 2587 1104 2624 pr.
1134 2587 1189 2612 m.
1208 2604 1218 2623 ‚
1268 2575 1584 2615 accommodatis.

146 2635 254 2676 Alm.
281 2636 544 2677 accommoda.
630 2636 830 2694 factaque
852 2641 943 2691 quia
966 2650 1044 2678 ant.
1096 2638 1428 2696 Camp.ficiaque
1451 2655 1528 2682 aut.
