1721 2974
318 177 372 217 ατῖ
404 174 570 231 Quintil.
601 175 732 215 Instit.
763 170 846 221 IV,
877 176 917 213 2.
951 170 1225 221 §.15-25,
1409 175 1487 212 191

28 310 110 333 esse
148 308 353 348 supervac.
481 307 600 346 quam
635 288 778 345 judex.
807 286 944 328 Turio.
987 285 1095 326 Flor.
1130 280 1172 335 (a
1199 298 1261 337 pr.
1294 298 1349 323 m.
1380 294 1492 325 uter-

28 361 131 417 que)
160 359 273 401 Ajm.
321 363 416 415 quia
432 359 517 413 jud.
623 359 787 399 noverit.
816 355 957 396 Turio.
987 369 1065 393 non
1084 354 1172 391 erit.
1229 349 1348 392 AJm.
1370 357 1490 393 novit.

132 429 299 485 facium
331 428 438 482 quid.
471 425 594 467 Amb.
623 431 658 466 1.
699 426 839 466 ordine
879 427 1050 463 inverso.
1169 419 1275 474 quod
1293 421 1351 459 sic
1371 421 1492 462 intell.

58 497 198 538 Turio.
229 495 340 536 Flor.
374 511 397 536 a
418 512 478 549 pr.
501 510 556 534 m.
586 493 704 534 Alm.
737 493 878 546 Camp.
912 492 1088 547 quaejsic
1119 487 1241 528 intell.
1360 491 1395 527 si
1419 506 1495 528 non

30 567 163 607 modo.
223 565 361 606 Turio.
396 578 419 603 a
445 579 505 617 pr.
530 578 587 603 m.
626 561 744 602 Alm.
781 563 849 616 qui
877 577 952 600 non
983 576 1036 599 m.
1079 558 1218 599 Turio.
1257 571 1280 596 a
1315 572 1394 596 seo.
1436 573 1493 598 m.

30 635 138 676 Flor.
172 649 195 674 a
214 650 274 688 pr.
298 648 353 673 m.
382 634 475 687 qnia
505 647 582 670 non
610 647 661 671 m.
722 629 834 670 Flor.
870 644 892 668 a
920 644 998 668 sec.
1021 642 1078 668 m.
1141 627 1256 682 quasi
1283 641 1372 665 non.

147 704 184 754 §.
217 708 285 743 21.
347 696 516 755 reperta.
577 698 716 740 Turio.
748 698 856 739 FIor.
891 713 913 737 a
934 714 993 751 pr.
1012 713 1069 738 m.
1104 695 1219 736 Alm.
1249 694 1410 751 rqurta.

136 770 268 825 judex
292 768 371 808 sed.
403 768 541 809 Turio.
575 783 655 807 om.
687 767 767 807 sed.
885 766 1099 821 aliquanto.
1139 762 1275 805 Guelf.
1305 756 1433 805 Ajnb.
1457 770 1497 805 2.

31 839 156 879 Bern.
193 836 318 879 Goth.
349 839 459 877 Vall.
492 852 555 889 ap.
588 834 690 875 Bad.
730 835 840 875 Jens.
881 833 981 875 Loc.
1021 832 1265 888 aliquando:
1325 837 1500 874 correxit

32 911 197 960 Regius.
305 904 439 960 aliquo
473 904 603 944 modo.
636 903 775 943 Turio.
809 902 1027 957 aliqnanio.
1145 904 1187 941 in
1215 918 1406 941 summam
1437 918 1503 942 as-

31 984 151 1014 sentt.
184 973 295 1014 Flor.
335 972 464 1025 Amb.
492 977 529 1013 1.
570 971 662 1012 Par.
698 977 736 1012 1.
769 976 809 1012 3.
869 974 909 1009 in
940 987 1091 1011 summa
1121 974 1244 1011 etiam
1273 968 1366 1010 Par.
1400 976 1441 1011 2.

33 1043 129 1098 quid
157 1044 252 1082 acti.
313 1040 381 1081 Sic
413 1043 536 1080 etiam
563 1039 672 1081 Flor.
701 1038 828 1080 Amb.
854 1045 894 1080 2.
926 1038 1018 1080 Par.
1053 1045 1091 1080 1.
1119 1045 1157 1080 3.
1191 1048 1231 1079 et
1255 1042 1346 1080 fort.
1375 1038 1500 1082 Amb.

36 1118 73 1152 1.
134 1109 230 1166 quid
261 1120 391 1149 actum
422 1108 513 1149 Par.
548 1114 588 1149 2.

147 1184 184 1232 §.
216 1184 284 1219 22.
353 1176 546 1231 repeteres
605 1176 745 1217 Tul-lc.
784 1193 806 1217 a
844 1192 903 1231 pr.
944 1191 1002 1217 ln.
1045 1193 1199 1231 repere,
1263 1190 1286 1215 a
1323 1191 1379 1217 m.
1420 1193 1499 1219 sec.

36 1250 216 1302 reperire.
301 1245 537 1285 simulemus.
585 1244 693 1285 Flor.
725 1245 906 1285 Amb.1.
938 1244 1165 1284 similemus.
1251 1245 1477 1286 simulemus
1488 1264 1503 1299 ‚-

35 1318 204 1355 interim.
247 1312 387 1354 Turio.
421 1329 442 1353 a
467 1329 544 1353 sec.
571 1329 625 1352 m.
657 1313 766 1353 Flor.
795 1317 934 1354 inserr.
970 1313 1032 1361 id,
1063 1310 1207 1369 Camp.
1238 1329 1333 1352 cum
1363 1313 1501 1356 Turio.

36 1400 59 1424 a
88 1399 168 1424 sec.
201 1399 258 1422 m.
292 1392 342 1422 et.
460 1398 589 1421 omnes
622 1386 755 1422 etiam.
791 1380 932 1435 Camp.
965 1383 1106 1420 ordine
1136 1384 1309 1421 inverso.

1431 1401 1505 1437 ge-

36 1468 126 1491 nere
165 1453 297 1491 omitt.
336 1465 497 1505 quoque
537 1449 644 1490 Flor.
687 1465 709 1488 a
739 1465 799 1503 pr.
836 1465 891 1488 m.
1019 1452 1093 1489 crit
1121 1449 1334 1490 varianda.
1378 1448 1503 1493 Goth.

33 1537 122 1560 var.
163 1523 250 1560 erit.
387 1519 623 1558 ZUeminisii.
682 1517 791 1558 Flor.
829 1520 1072 1558 meministis.
1201 1518 1377 1557 taedium
1412 1532 1506 1561 noia

35 1588 249 1628 audientis.·
303 1586 394 1628 Par.
437 1592 476 1628 1.
510 1592 551 1627 2.
585 1588 625 1627 4.
668 1597 697 1626 t.
733 1602 820 1625 cum
854 1589 932 1625 sint
975 1597 1071 1627 nota
1115 1586 1314 1640 audienii5
1361 1594 1506 1643 procul

36 1658 159 1696 dubio
199 1657 243 1695 id
284 1657 395 1710 quod
432 1654 524 1695 Par.
554 1661 594 1695 2.
638 1655 763 1694 habet
803 1670 825 1694 a
854 1658 986 1708 prima
1013 1671 1150 1695 -manu
1186 1665 1266 1706 est,
1315 1659 1506 1713 quodque

33 1724 188 1765 Badius
219 1725 267 1763 de
301 1723 489 1764 Vallensi
519 1724 623 1763 dixit
652 1738 704 1762 ex
735 1732 962 1763 correctura
989 1723 1152 1764 Vallae.
1213 1723 1373 1778 [Verba
1406 1727 1508 1766 illud

36 1790 152 1848 <phale
181 1794 232 1831 sit
261 1803 303 1831 iu
337 1795 443 1832 scias
472 1794 543 1832 vix
564 1808 640 1845 .per
671 1807 713 1830 se
747 1793 922 1847 int-elligi
950 1802 1130 1846 possunt.
1193 1792 1399 1834 Videntur
1428 1788 1506 1849 ig}-

33 1872 99 1902 tur
128 1863 413 1915 conjungenda
450 1876 546 1900 cum
577 1863 831 1913 amegressis,
863 1870 909 1900 ut
937 1863 1211 1915 supplendum
1239 1865 1291 1902 sit
1322 1863 1446 1915 curm]

151 1934 188 1982 §.
218 1935 287 1970 23.
347 1933 383 1969 si
414 1928 533 1982 apud.
608 1927 747 1968 Turio.
787 1931 847 1968 sic
885 1929 1003 1984 apud.
1072 1928 1212 1970 Guelf.
1251 1933 1354 1971 sicut
1387 1933 1506 1987 apud.

150 2000 237 2054 ipsa
268 2001 392 2036 actio.
447 1995 585 2035 Etiam
614 1995 741 2036 Aan.
763 2003 802 2037 2.
835 1999 923 2052 ipsa
946 2000 1040 2038 acti.

152 2067 189 2118 §.
222 2066 291 2105 24.
341 2063 512 2103 docilior·
540 2066 739 2103 intentior.
793 2064 862 2104 Sic
889 2069 1013 2104 etiam
1042 2065 1134 2106 Par.
1159 2071 1197 2106 3.
1216 2068 1256 2106 4.
1317 2079 1354 2106 et
1383 2072 1506 2110 inser.

34 2135 127 2175 Par.
163 2140 226 2183 1.,
286 2131 458 2171 docilior
489 2134 619 2170 omitt.
651 2130 777 2171 Aan.
811 2138 851 2172 2.
892 2132 1012 2172 Voss.
1047 2138 1086 2172 3.
1153 2133 1314 2175 doctior
1341 2138 1509 2178 exhjbet

37 2202 163 2244 Goth.
192 2201 313 2241 Voss.
339 2206 378 2240 2.
493 2202 674 2253 protinus
698 2199 843 2253 judex.
901 2199 1035 2242 Libris
1068 2218 1090 2241 a
1110 2201 1347 2256 Spaldingio
1377 2208 1507 2245 allatis

39 2279 199 2310 assentt.
230 2268 356 2308 Amb.
391 2273 428 2307 1.
461 2267 551 2307 Par.
579 2273 616 2307 1.
642 2273 681 2308 2.
710 2272 749 2309 5.
865 2270 1127 2310 instruen'clus.
1157 2270 1267 2311 Flor.
1298 2287 1320 2311 a
1338 2288 1417 2314 sec.
1448 2290 1505 2315 m.

37 2355 122 2381 var.
153 2341 246 2377 lect.
308 2335 588 2384 instituendus,
620 2339 674 2375 sic
705 2341 828 2376 etiam
855 2337 976 2378 Voss.
1006 2343 1043 2377 1.
1066 2343 1105 2378 3.

152 2410 188 2459 §.
221 2409 291 2446 25.
350 2403 432 2443 Secl
465 2404 540 2443 hoc
568 2420 726 2458 quoque.
789 2404 929 2459 Camp.
962 2405 1031 2444 secl
1061 2406 1157 2445 haec
1189 2423 1348 2462 quoquc.
1389 2408 1504 2452 Sich.

39 2477 169 2514 omitt.
213 2489 374 2528 quoque.
492 2474 661 2512 interim.
722 2472 842 2513 Voss.
875 2480 939 2525 2.‚
972 2474 1063 2515 edd.
1099 2490 1122 2514 a
1155 2474 1265 2515 Jens.
1297 2491 1424 2531 usque
1455 2480 1506 2518 ad

0 2562 3 2592 ξ
36 2539 197 2582 Cervic.
239 2549 279 2580 et
319 2544 419 2580 aliae
460 2555 523 2593 ap.
568 2538 709 2595 Burm.
749 2542 955 2582 interdum.
1091 2543 1265 2583 Marcus
1323 2545 1502 2596 Tullius,

2 2607 5 2647 ἰ
39 2623 287 2662 praenomen
318 2608 445 2649 omitt.
479 2607 639 2657 Guelf.‚
675 2612 760 2648 sola
790 2613 905 2650 litera
941 2610 1010 2651 M.
1040 2612 1237 2651 indicavit
1266 2609 1390 2654 Goth.

39 2675 380 2730 Miloniffiinsiclias
407 2677 592 2717 ordinem
609 2681 781 2718 mutavit
807 2676 929 2719 Goth.
1045 2678 1211 2719 videtur.
1273 2677 1413 2723 Guelf.
1444 2685 1507 2723 vi-
