<?xml version="1.0" encoding="UTF-8"?>
<!DOCTYPE html PUBLIC "-//W3C//DTD XHTML 1.0 Transitional//EN"
    "http://www.w3.org/TR/xhtml1/DTD/xhtml1-transitional.dtd">
<html xmlns="http://www.w3.org/1999/xhtml" xml:lang="en" lang="en">
 <head>
  <title>
</title>
<meta http-equiv="Content-Type" content="text/html;charset=utf-8" />
  <meta name='ocr-system' content='tesseract 3.04.00' />
  <meta name='ocr-capabilities' content='ocr_page ocr_carea ocr_par ocr_line ocrx_word'/>
</head>
<body>
  <div class='ocr_page' id='page_1' title='image "./deinstitutioneor05quinuoft_0311.png"; bbox 0 0 1721 2974; ppageno 0'>
   <div class='ocr_carea' id='block_1_1' title="bbox 363 172 1532 231">
    <p class='ocr_par' dir='ltr' id='par_1_1' title="bbox 363 172 1532 231">
     <span class='ocr_line' id='line_1_1' title="bbox 363 172 1532 231; baseline -0.002 -14"><span class='ocrx_word' id='word_1_1' title='bbox 363 176 417 217; x_wconf 74' lang='grc' dir='ltr'><strong><em>αιῖ</em></strong></span> <span class='ocrx_word' id='word_1_2' title='bbox 449 175 611 231; x_wconf 71' lang='lat' dir='ltr'><strong><em>Quintil.</em></strong></span> <span class='ocrx_word' id='word_1_3' title='bbox 641 174 772 216; x_wconf 75' lang='lat' dir='ltr'><em>Insn&#39;e.</em></span> <span class='ocrx_word' id='word_1_4' title='bbox 807 172 861 224; x_wconf 77' lang='lat' dir='ltr'><strong><em>V,</em></strong></span> <span class='ocrx_word' id='word_1_5' title='bbox 896 179 960 216; x_wconf 84' lang='lat'><strong><em>11.</em></strong></span> <span class='ocrx_word' id='word_1_6' title='bbox 994 174 1032 225; x_wconf 88' lang='lat'><strong><em>§.</em></strong></span> <span class='ocrx_word' id='word_1_7' title='bbox 1057 179 1253 216; x_wconf 82' lang='lat'><strong>20—28.</strong></span> <span class='ocrx_word' id='word_1_8' title='bbox 1452 177 1532 216; x_wconf 78' lang='lat'><strong><em>279</em></strong></span> 
     </span>
    </p>
   </div>
   <div class='ocr_carea' id='block_1_2' title="bbox 86 285 1533 614">
    <p class='ocr_par' dir='ltr' id='par_1_2' title="bbox 86 285 1533 614">
     <span class='ocr_line' id='line_1_2' title="bbox 86 285 1530 332; baseline -0.004 0"><span class='ocrx_word' id='word_1_9' title='bbox 86 291 192 332; x_wconf 88' lang='lat' dir='ltr'><strong><em>Flor.</em></strong></span> <span class='ocrx_word' id='word_1_10' title='bbox 229 289 350 331; x_wconf 86' lang='lat' dir='ltr'>Amb.</span> <span class='ocrx_word' id='word_1_11' title='bbox 373 296 412 332; x_wconf 85' lang='lat'><strong><em>2.</em></strong></span> <span class='ocrx_word' id='word_1_12' title='bbox 434 292 561 330; x_wconf 72' lang='lat' dir='ltr'><em>simus.</em></span> <span class='ocrx_word' id='word_1_13' title='bbox 669 287 824 330; x_wconf 72' lang='lat' dir='ltr'><strong><em>tandem</em></strong></span> <span class='ocrx_word' id='word_1_14' title='bbox 851 286 922 329; x_wconf 42' lang='lat' dir='ltr'><strong><em>me‘.</em></strong></span> <span class='ocrx_word' id='word_1_15' title='bbox 973 285 1095 328; x_wconf 81' lang='lat' dir='ltr'><strong>Amb.</strong></span> <span class='ocrx_word' id='word_1_16' title='bbox 1132 293 1169 327; x_wconf 99' lang='grc'><strong><em>1.</em></strong></span> <span class='ocrx_word' id='word_1_17' title='bbox 1203 292 1243 327; x_wconf 91' lang='grc'><strong><em>2.</em></strong></span> <span class='ocrx_word' id='word_1_18' title='bbox 1282 286 1389 327; x_wconf 84' lang='lat' dir='ltr'><strong><em>Flor.</em></strong></span> <span class='ocrx_word' id='word_1_19' title='bbox 1425 305 1476 327; x_wconf 85' lang='lat' dir='ltr'><strong><em>m.</em></strong></span> <span class='ocrx_word' id='word_1_20' title='bbox 1502 299 1530 326; x_wconf 80' lang='lat' dir='ltr'><strong><em>t.</em></strong></span> 
     </span>
     <span class='ocr_line' id='line_1_3' title="bbox 172 352 1530 414; baseline -0.004 -14"><span class='ocrx_word' id='word_1_21' title='bbox 172 369 335 414; x_wconf 79' lang='lat' dir='ltr'><strong><em>oportet.</em></strong></span> <span class='ocrx_word' id='word_1_22' title='bbox 381 357 506 398; x_wconf 87' lang='lat' dir='ltr'><strong>Amb.</strong></span> <span class='ocrx_word' id='word_1_23' title='bbox 530 363 568 397; x_wconf 84' lang='lat'><strong><em>1.</em></strong></span> <span class='ocrx_word' id='word_1_24' title='bbox 600 368 806 412; x_wconf 79' lang='lat' dir='ltr'><strong><em>oporteret.</em></strong></span> <span class='ocrx_word' id='word_1_25' title='bbox 896 357 1125 411; x_wconf 69' lang='lat' dir='ltr'><strong><em>jactatione.</em></strong></span> <span class='ocrx_word' id='word_1_26' title='bbox 1172 352 1307 395; x_wconf 81' lang='lat' dir='ltr'><strong>Guelf.</strong></span> <span class='ocrx_word' id='word_1_27' title='bbox 1341 352 1461 394; x_wconf 78' lang='lat' dir='ltr'><strong>Amb.</strong></span> <span class='ocrx_word' id='word_1_28' title='bbox 1491 361 1530 395; x_wconf 93' lang='grc'><strong><em>2.</em></strong></span> 
     </span>
     <span class='ocr_line' id='line_1_4' title="bbox 87 421 1533 479; baseline -0.005 -11"><span class='ocrx_word' id='word_1_29' title='bbox 87 430 251 468; x_wconf 72' lang='lat' dir='ltr'><em>actione.</em></span> <span class='ocrx_word' id='word_1_30' title='bbox 336 441 449 467; x_wconf 69' lang='lat' dir='ltr'><em>macc.</em></span> <span class='ocrx_word' id='word_1_31' title='bbox 473 435 585 479; x_wconf 69' lang='lat' dir='ltr'><em>temp.</em></span> <span class='ocrx_word' id='word_1_32' title='bbox 639 423 707 464; x_wconf 86' lang='lat' dir='ltr'><strong><em>Sic</em></strong></span> <span class='ocrx_word' id='word_1_33' title='bbox 728 428 849 464; x_wconf 83' lang='lat' dir='ltr'>etiam</span> <span class='ocrx_word' id='word_1_34' title='bbox 868 423 974 464; x_wconf 87' lang='lat' dir='ltr'><strong><em>Flor.</em></strong></span> <span class='ocrx_word' id='word_1_35' title='bbox 1005 422 1131 464; x_wconf 87' lang='lat' dir='ltr'><strong>Amb.</strong></span> <span class='ocrx_word' id='word_1_36' title='bbox 1156 428 1193 464; x_wconf 85' lang='grc'><strong><em>2.</em></strong></span> <span class='ocrx_word' id='word_1_37' title='bbox 1222 421 1313 462; x_wconf 81' lang='lat' dir='ltr'><strong><em>Par.</em></strong></span> <span class='ocrx_word' id='word_1_38' title='bbox 1338 427 1376 462; x_wconf 91' lang='grc'><strong><em>1.</em></strong></span> <span class='ocrx_word' id='word_1_39' title='bbox 1398 428 1437 462; x_wconf 96' lang='grc'><strong><em>2.</em></strong></span> <span class='ocrx_word' id='word_1_40' title='bbox 1452 454 1462 473; x_wconf 86' lang='grc'>,</span> <span class='ocrx_word' id='word_1_41' title='bbox 1495 432 1533 461; x_wconf 81' lang='lat' dir='ltr'><strong><em>et</em></strong></span> 
     </span>
     <span class='ocr_line' id='line_1_5' title="bbox 87 489 1532 549; baseline -0.007 -14"><span class='ocrx_word' id='word_1_42' title='bbox 87 498 227 549; x_wconf 84' lang='lat' dir='ltr'>procul</span> <span class='ocrx_word' id='word_1_43' title='bbox 250 495 370 535; x_wconf 85' lang='lat' dir='ltr'>dubio</span> <span class='ocrx_word' id='word_1_44' title='bbox 389 491 509 534; x_wconf 86' lang='lat' dir='ltr'>Amb.</span> <span class='ocrx_word' id='word_1_45' title='bbox 534 497 568 531; x_wconf 87' lang='lat'><strong><em>1.</em></strong></span> <span class='ocrx_word' id='word_1_46' title='bbox 665 491 734 531; x_wconf 78' lang='lat' dir='ltr'><strong><em>secl</em></strong></span> <span class='ocrx_word' id='word_1_47' title='bbox 753 502 787 530; x_wconf 81' lang='lat' dir='ltr'><strong><em>et</em></strong></span> <span class='ocrx_word' id='word_1_48' title='bbox 809 508 846 533; x_wconf 80' lang='lat' dir='ltr'><strong><em>a..</em></strong></span> <span class='ocrx_word' id='word_1_49' title='bbox 898 490 1032 533; x_wconf 76' lang='lat' dir='ltr'><strong>Guelf·</strong></span> <span class='ocrx_word' id='word_1_50' title='bbox 1059 489 1186 532; x_wconf 85' lang='lat' dir='ltr'><strong>Amb.</strong></span> <span class='ocrx_word' id='word_1_51' title='bbox 1208 495 1248 530; x_wconf 88' lang='lat'><strong><em>2.</em></strong></span> <span class='ocrx_word' id='word_1_52' title='bbox 1271 491 1462 528; x_wconf 80' lang='lat' dir='ltr'>omittunt</span> <span class='ocrx_word' id='word_1_53' title='bbox 1485 499 1532 527; x_wconf 78' lang='lat' dir='ltr'><strong><em>ct.</em></strong></span> 
     </span>
     <span class='ocr_line' id='line_1_6' title="bbox 203 551 1528 614; baseline -0.006 -12"><span class='ocrx_word' id='word_1_54' title='bbox 203 564 239 614; x_wconf 90' lang='lat'><strong><em>§.</em></strong></span> <span class='ocrx_word' id='word_1_55' title='bbox 270 564 337 602; x_wconf 81' lang='lat'><strong><em>24.</em></strong></span> <span class='ocrx_word' id='word_1_56' title='bbox 393 560 480 600; x_wconf 70' lang='lat' dir='ltr'><strong><em>tali.</em></strong></span> <span class='ocrx_word' id='word_1_57' title='bbox 528 558 656 600; x_wconf 88' lang='lat' dir='ltr'>Amb.</span> <span class='ocrx_word' id='word_1_58' title='bbox 684 564 721 600; x_wconf 87' lang='lat'><strong><em>1.</em></strong></span> <span class='ocrx_word' id='word_1_59' title='bbox 744 551 870 612; x_wconf 59' lang='lat' dir='ltr'><em>talid,</em></span> <span class='ocrx_word' id='word_1_60' title='bbox 909 574 1003 598; x_wconf 87' lang='lat' dir='ltr'><strong><em>cum</em></strong></span> <span class='ocrx_word' id='word_1_61' title='bbox 1023 560 1137 611; x_wconf 73' lang='lat' dir='ltr'>signo</span> <span class='ocrx_word' id='word_1_62' title='bbox 1157 558 1308 596; x_wconf 85' lang='lat' dir='ltr'><strong>mendi.</strong></span> <span class='ocrx_word' id='word_1_63' title='bbox 1398 556 1528 596; x_wconf 77' lang='lat' dir='ltr'><strong><em>admo-</em></strong></span> 
     </span>
    </p>
   </div>
   <div class='ocr_carea' id='block_1_3' title="bbox 86 625 1539 817">
    <p class='ocr_par' dir='ltr' id='par_1_3' title="bbox 86 625 1539 817">
     <span class='ocr_line' id='line_1_7' title="bbox 89 625 1536 678; baseline -0.002 -13"><span class='ocrx_word' id='word_1_64' title='bbox 89 629 264 669; x_wconf 76' lang='lat' dir='ltr'><em>nendum.</em></span> <span class='ocrx_word' id='word_1_65' title='bbox 313 627 436 670; x_wconf 77' lang='lat' dir='ltr'>Goth,</span> <span class='ocrx_word' id='word_1_66' title='bbox 467 625 760 666; x_wconf 74' lang='lat' dir='ltr'><strong><em>admovendum.</em></strong></span> <span class='ocrx_word' id='word_1_67' title='bbox 881 629 1024 666; x_wconf 82' lang='lat' dir='ltr'><strong><em>rarius.</em></strong></span> <span class='ocrx_word' id='word_1_68' title='bbox 1072 625 1180 665; x_wconf 87' lang='lat' dir='ltr'><strong><em>Flor.</em></strong></span> <span class='ocrx_word' id='word_1_69' title='bbox 1213 640 1234 664; x_wconf 80' lang='lat' dir='ltr'>a</span> <span class='ocrx_word' id='word_1_70' title='bbox 1264 639 1324 678; x_wconf 84' lang='lat' dir='ltr'><strong><em>pr.</em></strong></span> <span class='ocrx_word' id='word_1_71' title='bbox 1354 639 1408 667; x_wconf 81' lang='grc'><strong>111.</strong></span> <span class='ocrx_word' id='word_1_72' title='bbox 1438 627 1536 663; x_wconf 71' lang='lat' dir='ltr'>item</span> 
     </span>
     <span class='ocr_line' id='line_1_8' title="bbox 86 689 1538 751; baseline -0.004 -15"><span class='ocrx_word' id='word_1_73' title='bbox 86 700 238 751; x_wconf 78' lang='lat' dir='ltr'><strong><em>parius,</em></strong></span> <span class='ocrx_word' id='word_1_74' title='bbox 332 706 387 735; x_wconf 79' lang='lat' dir='ltr'><strong><em>est</em></strong></span> <span class='ocrx_word' id='word_1_75' title='bbox 407 696 549 734; x_wconf 81' lang='lat' dir='ltr'><strong><em>rarius.</em></strong></span> <span class='ocrx_word' id='word_1_76' title='bbox 599 692 734 735; x_wconf 76' lang='lat' dir='ltr'>Guelf.</span> <span class='ocrx_word' id='word_1_77' title='bbox 755 695 872 732; x_wconf 87' lang='lat' dir='ltr'><strong>inser.</strong></span> <span class='ocrx_word' id='word_1_78' title='bbox 900 695 1019 746; x_wconf 75' lang='lat' dir='ltr'><strong><em>cnjus·</em></strong></span> <span class='ocrx_word' id='word_1_79' title='bbox 1129 689 1276 732; x_wconf 75' lang='grc' dir='ltr'><strong>εἰκόνα.</strong></span> <span class='ocrx_word' id='word_1_80' title='bbox 1332 689 1456 732; x_wconf 79' lang='lat' dir='ltr'>Goth.</span> <span class='ocrx_word' id='word_1_81' title='bbox 1483 706 1538 730; x_wconf 70' lang='grc' dir='ltr'><em>ει·-</em></span> 
     </span>
     <span class='ocr_line' id='line_1_9' title="bbox 91 759 1539 817; baseline -0.006 -13"><span class='ocrx_word' id='word_1_82' title='bbox 91 780 217 805; x_wconf 84' lang='grc' dir='ltr'><strong>κιονα.</strong></span> <span class='ocrx_word' id='word_1_83' title='bbox 330 760 537 817; x_wconf 77' lang='lat' dir='ltr'><em>lanipedis.</em></span> <span class='ocrx_word' id='word_1_84' title='bbox 595 760 663 801; x_wconf 79' lang='lat' dir='ltr'><strong><em>Sic</em></strong></span> <span class='ocrx_word' id='word_1_85' title='bbox 693 763 815 800; x_wconf 82' lang='lat' dir='ltr'>etiam</span> <span class='ocrx_word' id='word_1_86' title='bbox 843 759 933 802; x_wconf 77' lang='lat' dir='ltr'><strong><em>Par.</em></strong></span> <span class='ocrx_word' id='word_1_87' title='bbox 969 765 1006 800; x_wconf 83' lang='lat'><strong><em>1.</em></strong></span> <span class='ocrx_word' id='word_1_88' title='bbox 1039 766 1078 801; x_wconf 84' lang='lat'><strong><em>2.</em></strong></span> <span class='ocrx_word' id='word_1_89' title='bbox 1112 765 1150 803; x_wconf 85' lang='lat'><strong><em>3.</em></strong></span> <span class='ocrx_word' id='word_1_90' title='bbox 1214 759 1386 814; x_wconf 67' lang='grc' dir='ltr'><em>ἷαηίρσιῖί</em></span> <span class='ocrx_word' id='word_1_91' title='bbox 1417 761 1539 798; x_wconf 61' lang='lat' dir='ltr'>etiam</span> 
     </span>
    </p>
   </div>
   <div class='ocr_carea' id='block_1_4' title="bbox 88 825 1540 1344">
    <p class='ocr_par' dir='ltr' id='par_1_4' title="bbox 89 825 1538 954">
     <span class='ocr_line' id='line_1_10' title="bbox 89 825 1538 883; baseline -0.005 -13"><span class='ocrx_word' id='word_1_92' title='bbox 89 830 216 872; x_wconf 88' lang='lat' dir='ltr'><strong>Amb.</strong></span> <span class='ocrx_word' id='word_1_93' title='bbox 247 837 285 872; x_wconf 86' lang='lat'><strong><em>1.</em></strong></span> <span class='ocrx_word' id='word_1_94' title='bbox 313 830 420 873; x_wconf 77' lang='lat' dir='ltr'><strong><em>Flor.</em></strong></span> <span class='ocrx_word' id='word_1_95' title='bbox 481 827 677 883; x_wconf 75' lang='grc' dir='ltr'><strong><em>Ζαηὶρεητῖὶ</em></strong></span> <span class='ocrx_word' id='word_1_96' title='bbox 705 826 829 866; x_wconf 84' lang='lat' dir='ltr'><strong>Amb.</strong></span> <span class='ocrx_word' id='word_1_97' title='bbox 866 833 906 867; x_wconf 87' lang='grc'><strong><em>2.</em></strong></span> <span class='ocrx_word' id='word_1_98' title='bbox 1010 844 1083 883; x_wconf 80' lang='lat' dir='ltr'><strong><em>quo</em></strong></span> <span class='ocrx_word' id='word_1_99' title='bbox 1110 827 1224 882; x_wconf 78' lang='lat' dir='ltr'><strong><em>prob.</em></strong></span> <span class='ocrx_word' id='word_1_100' title='bbox 1282 827 1388 869; x_wconf 81' lang='lat' dir='ltr'><strong><em>Flor.</em></strong></span> <span class='ocrx_word' id='word_1_101' title='bbox 1412 825 1538 869; x_wconf 79' lang='lat' dir='ltr'><strong>Goth.</strong></span> 
     </span>
     <span class='ocr_line' id='line_1_11' title="bbox 91 894 1537 954; baseline -0.003 -17"><span class='ocrx_word' id='word_1_102' title='bbox 91 899 196 952; x_wconf 72' lang='lat' dir='ltr'><em>quod</em></span> <span class='ocrx_word' id='word_1_103' title='bbox 210 916 271 954; x_wconf 85' lang='lat' dir='ltr'><strong><em>pr.</em></strong></span> <span class='ocrx_word' id='word_1_104' title='bbox 327 897 464 950; x_wconf 80' lang='lat' dir='ltr'><strong>Camp.</strong></span> <span class='ocrx_word' id='word_1_105' title='bbox 486 897 529 936; x_wconf 77' lang='lat' dir='ltr'><strong><em>id</em></strong></span> <span class='ocrx_word' id='word_1_106' title='bbox 545 914 607 951; x_wconf 86' lang='lat' dir='ltr'><strong><em>pr.</em></strong></span> <span class='ocrx_word' id='word_1_107' title='bbox 697 905 831 934; x_wconf 76' lang='lat' dir='ltr'><strong><em>sentes.</em></strong></span> <span class='ocrx_word' id='word_1_108' title='bbox 882 894 1010 934; x_wconf 87' lang='lat' dir='ltr'><strong>Amb.</strong></span> <span class='ocrx_word' id='word_1_109' title='bbox 1039 900 1075 934; x_wconf 84' lang='lat'><strong><em>1.</em></strong></span> <span class='ocrx_word' id='word_1_110' title='bbox 1106 894 1242 936; x_wconf 75' lang='lat' dir='ltr'><strong><em>Turio.</em></strong></span> <span class='ocrx_word' id='word_1_111' title='bbox 1260 894 1367 937; x_wconf 86' lang='lat' dir='ltr'><strong><em>Flor.</em></strong></span> <span class='ocrx_word' id='word_1_112' title='bbox 1391 897 1537 949; x_wconf 75' lang='lat' dir='ltr'><em>spinas.</em></span> 
     </span>
    </p>

    <p class='ocr_par' dir='ltr' id='par_1_5' title="bbox 88 961 1540 1210">
     <span class='ocr_line' id='line_1_12' title="bbox 175 961 1540 1007; baseline -0.003 -2"><span class='ocrx_word' id='word_1_113' title='bbox 175 983 235 1007; x_wconf 75' lang='lat' dir='ltr'><strong><em>ae.</em></strong></span> <span class='ocrx_word' id='word_1_114' title='bbox 293 965 359 1006; x_wconf 76' lang='lat' dir='ltr'><strong><em>Sic</em></strong></span> <span class='ocrx_word' id='word_1_115' title='bbox 387 967 509 1004; x_wconf 82' lang='lat' dir='ltr'><strong>etiam</strong></span> <span class='ocrx_word' id='word_1_116' title='bbox 533 963 660 1004; x_wconf 85' lang='lat' dir='ltr'><strong>Amb.</strong></span> <span class='ocrx_word' id='word_1_117' title='bbox 692 968 729 1003; x_wconf 80' lang='lat'><strong><em>1.</em></strong></span> <span class='ocrx_word' id='word_1_118' title='bbox 762 968 802 1003; x_wconf 86' lang='lat'><strong><em>2.</em></strong></span> <span class='ocrx_word' id='word_1_119' title='bbox 845 962 983 1003; x_wconf 76' lang='lat' dir='ltr'><strong>Turio.</strong></span> <span class='ocrx_word' id='word_1_120' title='bbox 1027 961 1133 1002; x_wconf 86' lang='lat' dir='ltr'><strong><em>Flor.</em></strong></span> <span class='ocrx_word' id='word_1_121' title='bbox 1251 962 1387 1002; x_wconf 71' lang='lat' dir='ltr'><em>dumos</em></span> <span class='ocrx_word' id='word_1_122' title='bbox 1420 961 1540 1001; x_wconf 77' lang='lat' dir='ltr'><em>culta.</em></span> 
     </span>
     <span class='ocr_line' id='line_1_13' title="bbox 88 1028 1538 1087; baseline -0.004 -14"><span class='ocrx_word' id='word_1_123' title='bbox 88 1032 225 1073; x_wconf 80' lang='lat' dir='ltr'>Turio.</span> <span class='ocrx_word' id='word_1_124' title='bbox 245 1049 267 1073; x_wconf 78' lang='lat' dir='ltr'><strong>a</strong></span> <span class='ocrx_word' id='word_1_125' title='bbox 287 1049 343 1087; x_wconf 82' lang='lat' dir='ltr'><strong><em>pr.</em></strong></span> <span class='ocrx_word' id='word_1_126' title='bbox 360 1048 416 1072; x_wconf 89' lang='lat' dir='ltr'><strong><em>m.</em></strong></span> <span class='ocrx_word' id='word_1_127' title='bbox 441 1031 532 1070; x_wconf 80' lang='lat' dir='ltr'><strong><em>dum</em></strong></span> <span class='ocrx_word' id='word_1_128' title='bbox 554 1030 744 1071; x_wconf 74' lang='lat' dir='ltr'><em>osculata.</em></span> <span class='ocrx_word' id='word_1_129' title='bbox 793 1028 929 1070; x_wconf 83' lang='lat' dir='ltr'><strong>Guelf.</strong></span> <span class='ocrx_word' id='word_1_130' title='bbox 954 1028 1044 1067; x_wconf 74' lang='lat' dir='ltr'><strong><em>dum</em></strong></span> <span class='ocrx_word' id='word_1_131' title='bbox 1065 1028 1242 1069; x_wconf 73' lang='lat' dir='ltr'><strong><em>exculta,</em></strong></span> <span class='ocrx_word' id='word_1_132' title='bbox 1287 1029 1409 1071; x_wconf 88' lang='lat' dir='ltr'><strong>Goth.</strong></span> <span class='ocrx_word' id='word_1_133' title='bbox 1429 1029 1538 1070; x_wconf 85' lang='lat' dir='ltr'><strong>Jens.</strong></span> 
     </span>
     <span class='ocr_line' id='line_1_14' title="bbox 90 1095 1538 1151; baseline -0.003 -11"><span class='ocrx_word' id='word_1_134' title='bbox 90 1110 130 1141; x_wconf 85' lang='lat' dir='ltr'><strong><em>et</em></strong></span> <span class='ocrx_word' id='word_1_135' title='bbox 150 1102 239 1141; x_wconf 82' lang='lat' dir='ltr'>edd.</span> <span class='ocrx_word' id='word_1_136' title='bbox 263 1110 353 1141; x_wconf 81' lang='lat' dir='ltr'><strong>ante</strong></span> <span class='ocrx_word' id='word_1_137' title='bbox 371 1099 499 1139; x_wconf 87' lang='lat' dir='ltr'>Stoer.</span> <span class='ocrx_word' id='word_1_138' title='bbox 524 1114 615 1137; x_wconf 86' lang='lat' dir='ltr'><strong><em>cum</em></strong></span> <span class='ocrx_word' id='word_1_139' title='bbox 636 1101 690 1137; x_wconf 83' lang='lat' dir='ltr'><strong><em>eis</em></strong></span> <span class='ocrx_word' id='word_1_140' title='bbox 711 1113 771 1151; x_wconf 82' lang='lat' dir='ltr'><strong><em>ap.</em></strong></span> <span class='ocrx_word' id='word_1_141' title='bbox 789 1095 930 1136; x_wconf 84' lang='lat' dir='ltr'><strong><em>Burm.</em></strong></span> <span class='ocrx_word' id='word_1_142' title='bbox 956 1096 1093 1137; x_wconf 82' lang='lat' dir='ltr'><em>dumos</em></span> <span class='ocrx_word' id='word_1_143' title='bbox 1114 1096 1291 1137; x_wconf 65' lang='lat' dir='ltr'><strong><em>coeculta.</em></strong></span> <span class='ocrx_word' id='word_1_144' title='bbox 1401 1107 1469 1138; x_wconf 79' lang='lat' dir='ltr'><strong><em>aut</em></strong></span> <span class='ocrx_word' id='word_1_145' title='bbox 1490 1099 1538 1135; x_wconf 82' lang='lat' dir='ltr'><strong><em>si.</em></strong></span> 
     </span>
     <span class='ocr_line' id='line_1_15' title="bbox 91 1163 1538 1210; baseline -0.005 -1"><span class='ocrx_word' id='word_1_146' title='bbox 91 1166 213 1209; x_wconf 91' lang='lat' dir='ltr'><strong>Amb.</strong></span> <span class='ocrx_word' id='word_1_147' title='bbox 236 1174 275 1210; x_wconf 89' lang='grc'><strong><em>2.</em></strong></span> <span class='ocrx_word' id='word_1_148' title='bbox 306 1178 348 1208; x_wconf 83' lang='lat' dir='ltr'><strong><em>ut</em></strong></span> <span class='ocrx_word' id='word_1_149' title='bbox 374 1169 421 1206; x_wconf 86' lang='lat' dir='ltr'><strong><em>si.</em></strong></span> <span class='ocrx_word' id='word_1_150' title='bbox 527 1165 720 1205; x_wconf 75' lang='lat' dir='ltr'><em>ostendas.</em></span> <span class='ocrx_word' id='word_1_151' title='bbox 772 1164 878 1205; x_wconf 82' lang='lat' dir='ltr'><strong>Jens.</strong></span> <span class='ocrx_word' id='word_1_152' title='bbox 909 1173 949 1204; x_wconf 88' lang='lat' dir='ltr'><strong><em>et</em></strong></span> <span class='ocrx_word' id='word_1_153' title='bbox 974 1165 1065 1204; x_wconf 80' lang='lat' dir='ltr'>edd.</span> <span class='ocrx_word' id='word_1_154' title='bbox 1099 1173 1192 1204; x_wconf 73' lang='lat' dir='ltr'>ante</span> <span class='ocrx_word' id='word_1_155' title='bbox 1219 1163 1320 1207; x_wconf 90' lang='lat' dir='ltr'><strong>Ald.</strong></span> <span class='ocrx_word' id='word_1_156' title='bbox 1351 1164 1538 1206; x_wconf 69' lang='lat' dir='ltr'><em>oste-mles.</em></span> 
     </span>
    </p>

    <p class='ocr_par' dir='ltr' id='par_1_6' title="bbox 93 1231 1540 1344">
     <span class='ocr_line' id='line_1_16' title="bbox 177 1231 1540 1290; baseline -0.004 -14"><span class='ocrx_word' id='word_1_157' title='bbox 177 1252 385 1276; x_wconf 83' lang='lat' dir='ltr'><strong><em>commune.</em></strong></span> <span class='ocrx_word' id='word_1_158' title='bbox 449 1232 583 1273; x_wconf 84' lang='lat' dir='ltr'><strong>Guelf.</strong></span> <span class='ocrx_word' id='word_1_159' title='bbox 618 1234 823 1272; x_wconf 74' lang='lat' dir='ltr'><strong><em>communi.</em></strong></span> <span class='ocrx_word' id='word_1_160' title='bbox 927 1231 1207 1290; x_wconf 78' lang='lat' dir='ltr'><em>formicasque</em></span> <span class='ocrx_word' id='word_1_161' title='bbox 1225 1256 1283 1264; x_wconf 85' lang='lat'><strong><em>—-</em></strong></span> <span class='ocrx_word' id='word_1_162' title='bbox 1311 1232 1379 1271; x_wconf 74' lang='lat' dir='ltr'><strong><em>sed</em></strong></span> <span class='ocrx_word' id='word_1_163' title='bbox 1408 1234 1540 1273; x_wconf 79' lang='lat' dir='ltr'><em>etiam.</em></span> 
     </span>
     <span class='ocr_line' id='line_1_17' title="bbox 93 1301 554 1344; baseline -0.007 0"><span class='ocrx_word' id='word_1_164' title='bbox 93 1301 228 1344; x_wconf 86' lang='lat' dir='ltr'><strong>Guelf.</strong></span> <span class='ocrx_word' id='word_1_165' title='bbox 260 1301 360 1343; x_wconf 83' lang='lat' dir='ltr'><strong>haee</strong></span> <span class='ocrx_word' id='word_1_166' title='bbox 394 1304 554 1342; x_wconf 78' lang='lat' dir='ltr'><strong>omittit.</strong></span> 
     </span>
    </p>
   </div>
   <div class='ocr_carea' id='block_1_5' title="bbox 91 1375 1544 1502">
    <p class='ocr_par' dir='ltr' id='par_1_7' title="bbox 91 1375 1544 1502">
     <span class='ocr_line' id='line_1_18' title="bbox 204 1375 1541 1435; baseline -0.004 -13"><span class='ocrx_word' id='word_1_167' title='bbox 204 1382 240 1433; x_wconf 60' lang='grc' dir='ltr'><strong><em>ξ.</em></strong></span> <span class='ocrx_word' id='word_1_168' title='bbox 272 1386 339 1422; x_wconf 85' lang='grc'><strong><em>25.</em></strong></span> <span class='ocrx_word' id='word_1_169' title='bbox 394 1397 544 1435; x_wconf 76' lang='lat' dir='ltr'><strong><em>genere.</em></strong></span> <span class='ocrx_word' id='word_1_170' title='bbox 586 1377 727 1433; x_wconf 82' lang='lat' dir='ltr'><strong>Cfflnp.</strong></span> <span class='ocrx_word' id='word_1_171' title='bbox 749 1393 830 1419; x_wconf 87' lang='lat' dir='ltr'><strong><em>om.</em></strong></span> <span class='ocrx_word' id='word_1_172' title='bbox 919 1378 1066 1419; x_wconf 76' lang='lat' dir='ltr'><em>dictum</em></span> <span class='ocrx_word' id='word_1_173' title='bbox 1086 1378 1186 1418; x_wconf 77' lang='lat' dir='ltr'><em>illud</em></span> <span class='ocrx_word' id='word_1_174' title='bbox 1206 1390 1261 1418; x_wconf 80' lang='lat' dir='ltr'><strong><em>cst</em></strong></span> <span class='ocrx_word' id='word_1_175' title='bbox 1284 1379 1367 1420; x_wconf 85' lang='lat' dir='ltr'><em>Cic.</em></span> <span class='ocrx_word' id='word_1_176' title='bbox 1418 1375 1541 1418; x_wconf 84' lang='lat' dir='ltr'>Goth.</span> 
     </span>
     <span class='ocr_line' id='line_1_19' title="bbox 91 1445 1544 1502; baseline -0.003 -13"><span class='ocrx_word' id='word_1_177' title='bbox 91 1447 230 1502; x_wconf 81' lang='lat' dir='ltr'><strong>Camp.</strong></span> <span class='ocrx_word' id='word_1_178' title='bbox 258 1448 297 1489; x_wconf 74' lang='grc' dir='ltr'><strong><em>(ἶ.</em></strong></span> <span class='ocrx_word' id='word_1_179' title='bbox 329 1465 359 1488; x_wconf 84' lang='lat' dir='ltr'><strong><em>e.</em></strong></span> <span class='ocrx_word' id='word_1_180' title='bbox 392 1452 418 1490; x_wconf 82' lang='lat' dir='ltr'><strong><em>i.</em></strong></span> <span class='ocrx_word' id='word_1_181' title='bbox 450 1447 494 1487; x_wconf 85' lang='lat' dir='ltr'><strong><em>C.</em></strong></span> <span class='ocrx_word' id='word_1_182' title='bbox 555 1445 689 1488; x_wconf 85' lang='lat' dir='ltr'>Guelf.</span> <span class='ocrx_word' id='word_1_183' title='bbox 722 1446 760 1486; x_wconf 74' lang='grc' dir='ltr'><strong><em>ἅ.</em></strong></span> <span class='ocrx_word' id='word_1_184' title='bbox 792 1450 818 1487; x_wconf 85' lang='lat' dir='ltr'><strong><em>i.</em></strong></span> <span class='ocrx_word' id='word_1_185' title='bbox 853 1445 893 1487; x_wconf 86' lang='lat' dir='ltr'><strong><em>C.</em></strong></span> <span class='ocrx_word' id='word_1_186' title='bbox 914 1463 944 1485; x_wconf 79' lang='lat' dir='ltr'><strong><em>c.</em></strong></span> <span class='ocrx_word' id='word_1_187' title='bbox 1047 1446 1122 1486; x_wconf 74' lang='lat' dir='ltr'><strong><em>hac</em></strong></span> <span class='ocrx_word' id='word_1_188' title='bbox 1145 1463 1251 1502; x_wconf 81' lang='lat' dir='ltr'><strong><em>corp.</em></strong></span> <span class='ocrx_word' id='word_1_189' title='bbox 1301 1446 1450 1488; x_wconf 84' lang='lat' dir='ltr'><strong>Vidov.</strong></span> <span class='ocrx_word' id='word_1_190' title='bbox 1479 1445 1544 1484; x_wconf 75' lang='lat' dir='ltr'><strong><em>hic</em></strong></span> 
     </span>
    </p>
   </div>
   <div class='ocr_carea' id='block_1_6' title="bbox 92 1513 1018 1571">
    <p class='ocr_par' dir='ltr' id='par_1_8' title="bbox 92 1513 1018 1571">
     <span class='ocr_line' id='line_1_20' title="bbox 92 1513 1018 1571; baseline -0.001 -16"><span class='ocrx_word' id='word_1_191' title='bbox 92 1531 197 1571; x_wconf 78' lang='lat' dir='ltr'><strong><em>corp.</em></strong></span> <span class='ocrx_word' id='word_1_192' title='bbox 290 1532 380 1555; x_wconf 80' lang='lat' dir='ltr'><strong><em>usus</em></strong></span> <span class='ocrx_word' id='word_1_193' title='bbox 403 1526 472 1555; x_wconf 79' lang='lat' dir='ltr'><strong><em>est.</em></strong></span> <span class='ocrx_word' id='word_1_194' title='bbox 526 1513 647 1555; x_wconf 83' lang='lat' dir='ltr'>Goth.</span> <span class='ocrx_word' id='word_1_195' title='bbox 673 1515 856 1553; x_wconf 81' lang='lat' dir='ltr'>ordinem</span> <span class='ocrx_word' id='word_1_196' title='bbox 875 1522 1018 1554; x_wconf 74' lang='lat' dir='ltr'><strong>mutat.</strong></span> 
     </span>
    </p>
   </div>
   <div class='ocr_carea' id='block_1_7' title="bbox 89 1591 1575 2364">
    <p class='ocr_par' dir='ltr' id='par_1_9' title="bbox 89 1591 1575 2039">
     <span class='ocr_line' id='line_1_21' title="bbox 205 1591 1542 1649; baseline -0.001 -16"><span class='ocrx_word' id='word_1_197' title='bbox 205 1595 237 1646; x_wconf 62' lang='lat'><strong><em>§⁴</em></strong></span> <span class='ocrx_word' id='word_1_198' title='bbox 269 1599 336 1636; x_wconf 81' lang='lat'><strong><em>26.</em></strong></span> <span class='ocrx_word' id='word_1_199' title='bbox 391 1597 594 1649; x_wconf 80' lang='lat' dir='ltr'><strong><em>propiora.</em></strong></span> <span class='ocrx_word' id='word_1_200' title='bbox 644 1592 770 1633; x_wconf 84' lang='lat' dir='ltr'><strong>Amb.</strong></span> <span class='ocrx_word' id='word_1_201' title='bbox 797 1598 836 1632; x_wconf 93' lang='lat'><strong><em>1.</em></strong></span> <span class='ocrx_word' id='word_1_202' title='bbox 856 1598 897 1634; x_wconf 87' lang='lat'><strong><em>2.</em></strong></span> <span class='ocrx_word' id='word_1_203' title='bbox 923 1595 1120 1648; x_wconf 81' lang='lat' dir='ltr'><strong><em>propiore.</em></strong></span> <span class='ocrx_word' id='word_1_204' title='bbox 1173 1591 1290 1634; x_wconf 87' lang='lat' dir='ltr'><strong>Voss.</strong></span> <span class='ocrx_word' id='word_1_205' title='bbox 1317 1598 1354 1633; x_wconf 90' lang='lat'><strong><em>1.</em></strong></span> <span class='ocrx_word' id='word_1_206' title='bbox 1379 1597 1418 1633; x_wconf 88' lang='lat'><strong><em>3.</em></strong></span> <span class='ocrx_word' id='word_1_207' title='bbox 1446 1607 1542 1646; x_wconf 87' lang='lat' dir='ltr'><strong><em>pro-</em></strong></span> 
     </span>
     <span class='ocr_line' id='line_1_22' title="bbox 89 1658 1539 1717; baseline 0.001 -17"><span class='ocrx_word' id='word_1_208' title='bbox 89 1664 208 1716; x_wconf 81' lang='lat' dir='ltr'><strong><em>piori.</em></strong></span> <span class='ocrx_word' id='word_1_209' title='bbox 275 1661 383 1703; x_wconf 86' lang='lat' dir='ltr'><strong>Flor.</strong></span> <span class='ocrx_word' id='word_1_210' title='bbox 420 1661 535 1703; x_wconf 86' lang='lat' dir='ltr'><strong>Alm.</strong></span> <span class='ocrx_word' id='word_1_211' title='bbox 577 1659 701 1701; x_wconf 80' lang='lat' dir='ltr'>Goth.</span> <span class='ocrx_word' id='word_1_212' title='bbox 743 1659 863 1700; x_wconf 86' lang='lat' dir='ltr'>Voss.</span> <span class='ocrx_word' id='word_1_213' title='bbox 894 1666 933 1702; x_wconf 86' lang='lat'><strong><em>2.</em></strong></span> <span class='ocrx_word' id='word_1_214' title='bbox 966 1658 1090 1700; x_wconf 84' lang='lat' dir='ltr'><strong><em>Bern.</em></strong></span> <span class='ocrx_word' id='word_1_215' title='bbox 1126 1663 1354 1717; x_wconf 75' lang='lat' dir='ltr'><strong><em>propriora.</em></strong></span> <span class='ocrx_word' id='word_1_216' title='bbox 1465 1660 1539 1701; x_wconf 72' lang='lat' dir='ltr'><strong><em>his.</em></strong></span> 
     </span>
     <span class='ocr_line' id='line_1_23' title="bbox 90 1726 1514 1781; baseline -0.001 -12"><span class='ocrx_word' id='word_1_217' title='bbox 90 1729 215 1769; x_wconf 85' lang='lat' dir='ltr'><strong>Amb.</strong></span> <span class='ocrx_word' id='word_1_218' title='bbox 241 1734 277 1769; x_wconf 88' lang='lat'><strong><em>1.</em></strong></span> <span class='ocrx_word' id='word_1_219' title='bbox 298 1733 364 1770; x_wconf 80' lang='lat' dir='ltr'><strong><em>eis.</em></strong></span> <span class='ocrx_word' id='word_1_220' title='bbox 423 1728 550 1769; x_wconf 87' lang='lat' dir='ltr'>Amb.</span> <span class='ocrx_word' id='word_1_221' title='bbox 576 1735 615 1770; x_wconf 90' lang='grc'><strong><em>2.</em></strong></span> <span class='ocrx_word' id='word_1_222' title='bbox 649 1726 773 1768; x_wconf 89' lang='lat' dir='ltr'><strong>Goth.</strong></span> <span class='ocrx_word' id='word_1_223' title='bbox 802 1730 863 1767; x_wconf 82' lang='lat' dir='ltr'><em>iis.</em></span> <span class='ocrx_word' id='word_1_224' title='bbox 970 1731 1096 1770; x_wconf 76' lang='lat' dir='ltr'><strong><em>navis.</em></strong></span> <span class='ocrx_word' id='word_1_225' title='bbox 1152 1727 1289 1775; x_wconf 74' lang='lat' dir='ltr'>Guelf.</span> <span class='ocrx_word' id='word_1_226' title='bbox 1315 1731 1454 1781; x_wconf 77' lang='lat' dir='ltr'><strong><em>majus.</em></strong></span> <span class='ocrx_word' id='word_1_227' title='bbox 1511 1748 1514 1750; x_wconf 60' lang='grc'>’</span> 
     </span>
     <span class='ocr_line' id='line_1_24' title="bbox 91 1794 1544 1853; baseline 0 -18"><span class='ocrx_word' id='word_1_228' title='bbox 91 1800 151 1836; x_wconf 79' lang='lat' dir='ltr'><strong><em>iia</em></strong></span> <span class='ocrx_word' id='word_1_229' title='bbox 172 1814 281 1851; x_wconf 77' lang='lat' dir='ltr'><strong><em>qnae.</em></strong></span> <span class='ocrx_word' id='word_1_230' title='bbox 330 1796 453 1838; x_wconf 88' lang='lat' dir='ltr'><strong>Amb.</strong></span> <span class='ocrx_word' id='word_1_231' title='bbox 479 1803 516 1840; x_wconf 86' lang='grc'><strong><em>1.</em></strong></span> <span class='ocrx_word' id='word_1_232' title='bbox 537 1799 679 1851; x_wconf 72' lang='lat' dir='ltr'><em>itaque.</em></span> <span class='ocrx_word' id='word_1_233' title='bbox 771 1794 962 1850; x_wconf 74' lang='lat' dir='ltr'><strong><em>pluribus.</em></strong></span> <span class='ocrx_word' id='word_1_234' title='bbox 1011 1794 1146 1839; x_wconf 84' lang='lat' dir='ltr'>Guelf.</span> <span class='ocrx_word' id='word_1_235' title='bbox 1170 1798 1358 1838; x_wconf 66' lang='lat' dir='ltr'><em>omnibus.</em></span> <span class='ocrx_word' id='word_1_236' title='bbox 1441 1795 1544 1853; x_wconf 36' lang='lat' dir='ltr'><strong><em>‘sor-</em></strong></span> 
     </span>
     <span class='ocr_line' id='line_1_25' title="bbox 92 1863 1538 1921; baseline 0.001 -19"><span class='ocrx_word' id='word_1_237' title='bbox 92 1880 209 1903; x_wconf 80' lang='lat' dir='ltr'><strong><em>mam.</em></strong></span> <span class='ocrx_word' id='word_1_238' title='bbox 260 1863 386 1905; x_wconf 89' lang='lat' dir='ltr'>Amb.</span> <span class='ocrx_word' id='word_1_239' title='bbox 424 1864 655 1921; x_wconf 81' lang='lat' dir='ltr'><strong><em>1.formao.</em></strong></span> <span class='ocrx_word' id='word_1_240' title='bbox 768 1874 843 1904; x_wconf 75' lang='lat' dir='ltr'><strong><em>vet.</em></strong></span> <span class='ocrx_word' id='word_1_241' title='bbox 874 1874 912 1910; x_wconf 71' lang='lat' dir='ltr'><strong><em>et</em></strong></span> <span class='ocrx_word' id='word_1_242' title='bbox 940 1863 1042 1918; x_wconf 80' lang='lat' dir='ltr'><strong><em>larg.</em></strong></span> <span class='ocrx_word' id='word_1_243' title='bbox 1091 1863 1215 1906; x_wconf 84' lang='lat' dir='ltr'><strong>Goth.</strong></span> <span class='ocrx_word' id='word_1_244' title='bbox 1243 1865 1353 1906; x_wconf 81' lang='lat' dir='ltr'><strong>Jens.</strong></span> <span class='ocrx_word' id='word_1_245' title='bbox 1383 1874 1422 1905; x_wconf 76' lang='lat' dir='ltr'><strong><em>et</em></strong></span> <span class='ocrx_word' id='word_1_246' title='bbox 1449 1864 1538 1903; x_wconf 83' lang='lat' dir='ltr'><strong>edd.</strong></span> 
     </span>
     <span class='ocr_line' id='line_1_26' title="bbox 93 1929 1575 1985; baseline 0.001 -17"><span class='ocrx_word' id='word_1_247' title='bbox 93 1940 186 1970; x_wconf 78' lang='lat' dir='ltr'>ante</span> <span class='ocrx_word' id='word_1_248' title='bbox 217 1929 346 1972; x_wconf 83' lang='lat' dir='ltr'><strong>Stoer.</strong></span> <span class='ocrx_word' id='word_1_249' title='bbox 373 1931 400 1973; x_wconf 80' lang='lat' dir='ltr'><strong><em>l.</em></strong></span> <span class='ocrx_word' id='word_1_250' title='bbox 428 1949 459 1972; x_wconf 83' lang='lat' dir='ltr'><strong><em>e.</em></strong></span> <span class='ocrx_word' id='word_1_251' title='bbox 492 1947 530 1972; x_wconf 83' lang='lat' dir='ltr'><strong><em>v.</em></strong></span> <span class='ocrx_word' id='word_1_252' title='bbox 625 1929 853 1985; x_wconf 76' lang='lat' dir='ltr'><em>pudicitiae.</em></span> <span class='ocrx_word' id='word_1_253' title='bbox 911 1930 1047 1972; x_wconf 79' lang='lat' dir='ltr'><strong>Etiam</strong></span> <span class='ocrx_word' id='word_1_254' title='bbox 1075 1930 1199 1974; x_wconf 83' lang='lat' dir='ltr'><strong>Amb.</strong></span> <span class='ocrx_word' id='word_1_255' title='bbox 1233 1939 1271 1974; x_wconf 88' lang='lat'><strong><em>1.</em></strong></span> <span class='ocrx_word' id='word_1_256' title='bbox 1301 1933 1409 1973; x_wconf 90' lang='lat' dir='ltr'><strong><em>Flor.</em></strong></span> <span class='ocrx_word' id='word_1_257' title='bbox 1443 1934 1543 1971; x_wconf 75' lang='lat' dir='ltr'><em>ami-</em></span> <span class='ocrx_word' id='word_1_258' title='bbox 1566 1937 1575 1941; x_wconf 87' lang='grc'><em>“</em></span> 
     </span>
     <span class='ocr_line' id='line_1_27' title="bbox 94 2001 225 2039; baseline 0 0"><span class='ocrx_word' id='word_1_259' title='bbox 94 2001 225 2039; x_wconf 66' lang='lat' dir='ltr'><strong><em>cistae.</em></strong></span> 
     </span>
    </p>

    <p class='ocr_par' dir='ltr' id='par_1_10' title="bbox 97 2065 1454 2130">
     <span class='ocr_line' id='line_1_28' title="bbox 97 2065 1454 2130; baseline 0.002 -15"><span class='ocrx_word' id='word_1_260' title='bbox 97 2065 100 2068; x_wconf 35' lang='grc'><strong>“</strong></span> <span class='ocrx_word' id='word_1_261' title='bbox 205 2079 242 2130; x_wconf 85' lang='lat'><strong><em>§.</em></strong></span> <span class='ocrx_word' id='word_1_262' title='bbox 274 2082 343 2119; x_wconf 87' lang='lat'><strong><em>27.</em></strong></span> <span class='ocrx_word' id='word_1_263' title='bbox 404 2075 536 2115; x_wconf 81' lang='lat' dir='ltr'><strong><em>Etiam</em></strong></span> <span class='ocrx_word' id='word_1_264' title='bbox 569 2078 622 2117; x_wconf 85' lang='lat' dir='ltr'><strong><em>in.</em></strong></span> <span class='ocrx_word' id='word_1_265' title='bbox 683 2076 793 2117; x_wconf 86' lang='lat' dir='ltr'>Jens.</span> <span class='ocrx_word' id='word_1_266' title='bbox 826 2084 866 2116; x_wconf 85' lang='lat' dir='ltr'><strong><em>et</em></strong></span> <span class='ocrx_word' id='word_1_267' title='bbox 896 2077 984 2116; x_wconf 82' lang='lat' dir='ltr'><strong>edd.</strong></span> <span class='ocrx_word' id='word_1_268' title='bbox 1019 2085 1112 2120; x_wconf 75' lang='lat' dir='ltr'>ante</span> <span class='ocrx_word' id='word_1_269' title='bbox 1139 2077 1240 2119; x_wconf 75' lang='grc' dir='ltr'><strong><em>ΑΜ.</em></strong></span> <span class='ocrx_word' id='word_1_270' title='bbox 1268 2080 1386 2118; x_wconf 82' lang='lat' dir='ltr'><strong>inser.</strong></span> <span class='ocrx_word' id='word_1_271' title='bbox 1410 2078 1454 2116; x_wconf 72' lang='lat' dir='ltr'><strong><em>si-</em></strong></span> 
     </span>
    </p>

    <p class='ocr_par' dir='ltr' id='par_1_11' title="bbox 93 2134 1539 2187">
     <span class='ocr_line' id='line_1_29' title="bbox 93 2134 1539 2187; baseline -0.002 -2"><span class='ocrx_word' id='word_1_272' title='bbox 93 2134 328 2187; x_wconf 78' lang='lat' dir='ltr'><strong><em>Socraticis.</em></strong></span> <span class='ocrx_word' id='word_1_273' title='bbox 375 2144 407 2185; x_wconf 87' lang='lat' dir='ltr'>F</span> <span class='ocrx_word' id='word_1_274' title='bbox 410 2147 482 2185; x_wconf 87' lang='lat' dir='ltr'><strong><em>lor.</em></strong></span> <span class='ocrx_word' id='word_1_275' title='bbox 507 2142 642 2185; x_wconf 86' lang='lat' dir='ltr'><strong>Guelf.</strong></span> <span class='ocrx_word' id='word_1_276' title='bbox 665 2142 787 2184; x_wconf 85' lang='lat' dir='ltr'><strong>Goth.</strong></span> <span class='ocrx_word' id='word_1_277' title='bbox 805 2141 932 2184; x_wconf 87' lang='lat' dir='ltr'><strong>Amb.</strong></span> <span class='ocrx_word' id='word_1_278' title='bbox 950 2150 990 2185; x_wconf 85' lang='lat'><strong><em>2.</em></strong></span> <span class='ocrx_word' id='word_1_279' title='bbox 1010 2144 1100 2186; x_wconf 85' lang='lat' dir='ltr'><strong><em>Par.</em></strong></span> <span class='ocrx_word' id='word_1_280' title='bbox 1123 2150 1161 2186; x_wconf 84' lang='lat'><strong><em>1.</em></strong></span> <span class='ocrx_word' id='word_1_281' title='bbox 1184 2152 1225 2187; x_wconf 84' lang='lat'><strong><em>2.</em></strong></span> <span class='ocrx_word' id='word_1_282' title='bbox 1247 2149 1368 2186; x_wconf 80' lang='lat' dir='ltr'><strong>etiam</strong></span> <span class='ocrx_word' id='word_1_283' title='bbox 1389 2143 1539 2183; x_wconf 81' lang='lat' dir='ltr'><strong><em>Socroe-</em></strong></span> 
     </span>
    </p>

    <p class='ocr_par' dir='ltr' id='par_1_12' title="bbox 92 2209 1538 2269">
     <span class='ocr_line' id='line_1_30' title="bbox 92 2209 1538 2269; baseline -0.001 -17"><span class='ocrx_word' id='word_1_284' title='bbox 92 2217 157 2253; x_wconf 64' lang='lat' dir='ltr'><strong><em>tLe.</em></strong></span> <span class='ocrx_word' id='word_1_285' title='bbox 247 2229 424 2269; x_wconf 83' lang='lat' dir='ltr'><strong><em>quarum.</em></strong></span> <span class='ocrx_word' id='word_1_286' title='bbox 475 2209 609 2252; x_wconf 88' lang='lat' dir='ltr'><strong>Guelf.</strong></span> <span class='ocrx_word' id='word_1_287' title='bbox 629 2210 755 2252; x_wconf 88' lang='lat' dir='ltr'>Amb.</span> <span class='ocrx_word' id='word_1_288' title='bbox 775 2217 816 2253; x_wconf 89' lang='grc'><strong><em>2.</em></strong></span> <span class='ocrx_word' id='word_1_289' title='bbox 838 2227 1011 2267; x_wconf 83' lang='lat' dir='ltr'><strong><em>quorum.</em></strong></span> <span class='ocrx_word' id='word_1_290' title='bbox 1103 2214 1352 2254; x_wconf 73' lang='lat' dir='ltr'><strong><em>Aeschinem.</em></strong></span> <span class='ocrx_word' id='word_1_291' title='bbox 1403 2209 1538 2252; x_wconf 81' lang='lat' dir='ltr'>Guelf.</span> 
     </span>
    </p>

    <p class='ocr_par' dir='ltr' id='par_1_13' title="bbox 95 2277 1537 2364">
     <span class='ocr_line' id='line_1_31' title="bbox 95 2277 1537 2336; baseline -0.002 -14"><span class='ocrx_word' id='word_1_292' title='bbox 95 2280 219 2322; x_wconf 85' lang='lat' dir='ltr'><strong>Goth.</strong></span> <span class='ocrx_word' id='word_1_293' title='bbox 245 2280 464 2321; x_wconf 77' lang='lat' dir='ltr'><strong><em>Eschinem.</em></strong></span> <span class='ocrx_word' id='word_1_294' title='bbox 566 2279 777 2334; x_wconf 74' lang='lat' dir='ltr'><em>Aspasiae.</em></span> <span class='ocrx_word' id='word_1_295' title='bbox 821 2277 928 2321; x_wconf 83' lang='lat' dir='ltr'><strong><em>Flor.</em></strong></span> <span class='ocrx_word' id='word_1_296' title='bbox 952 2282 1073 2320; x_wconf 81' lang='lat' dir='ltr'><strong>etiam</strong></span> <span class='ocrx_word' id='word_1_297' title='bbox 1093 2281 1292 2336; x_wconf 74' lang='lat' dir='ltr'><em>asphasia.</em></span> <span class='ocrx_word' id='word_1_298' title='bbox 1345 2279 1472 2322; x_wconf 87' lang='lat' dir='ltr'><strong>Amb.</strong></span> <span class='ocrx_word' id='word_1_299' title='bbox 1498 2284 1537 2320; x_wconf 83' lang='lat'><strong><em>1.</em></strong></span> 
     </span>
     <span class='ocr_line' id='line_1_32' title="bbox 254 2344 273 2364; baseline 0 0"><span class='ocrx_word' id='word_1_300' title='bbox 254 2344 273 2364; x_wconf 71' lang='grc' dir='ltr'><strong><em>θ</em></strong></span> 
     </span>
    </p>
   </div>
   <div class='ocr_carea' id='block_1_8' title="bbox 94 2367 1537 2426">
    <p class='ocr_par' dir='ltr' id='par_1_14' title="bbox 94 2367 1537 2426">
     <span class='ocr_line' id='line_1_33' title="bbox 94 2367 1537 2426; baseline -0.001 -15"><span class='ocrx_word' id='word_1_301' title='bbox 94 2374 284 2425; x_wconf 70' lang='lat' dir='ltr'><em>aspasius.</em></span> <span class='ocrx_word' id='word_1_302' title='bbox 379 2369 664 2425; x_wconf 55' lang='lat' dir='ltr'><em>Xenophonti&amp;</em></span> <span class='ocrx_word' id='word_1_303' title='bbox 715 2367 856 2422; x_wconf 81' lang='lat' dir='ltr'><strong>Camp.</strong></span> <span class='ocrx_word' id='word_1_304' title='bbox 877 2369 1143 2424; x_wconf 74' lang='lat' dir='ltr'><em>Zenoplzoniis</em></span> <span class='ocrx_word' id='word_1_305' title='bbox 1162 2374 1235 2412; x_wconf 86' lang='lat' dir='ltr'><strong>bis.</strong></span> <span class='ocrx_word' id='word_1_306' title='bbox 1333 2367 1537 2426; x_wconf 57' lang='lat' dir='ltr'><strong><em>tranqflnw.</em></strong></span> 
     </span>
    </p>
   </div>
   <div class='ocr_carea' id='block_1_9' title="bbox 94 2434 1537 2546">
    <p class='ocr_par' dir='ltr' id='par_1_15' title="bbox 94 2434 1537 2546">
     <span class='ocr_line' id='line_1_34' title="bbox 94 2434 1537 2494; baseline -0.001 -16"><span class='ocrx_word' id='word_1_307' title='bbox 94 2437 202 2478; x_wconf 84' lang='lat' dir='ltr'><strong><em>Flor.</em></strong></span> <span class='ocrx_word' id='word_1_308' title='bbox 227 2436 472 2494; x_wconf 76' lang='lat' dir='ltr'><strong><em>transferret.</em></strong></span> <span class='ocrx_word' id='word_1_309' title='bbox 580 2436 683 2493; x_wconf 72' lang='lat' dir='ltr'><strong><em>quod</em></strong></span> <span class='ocrx_word' id='word_1_310' title='bbox 715 2434 854 2478; x_wconf 79' lang='lat' dir='ltr'><strong><em>Cicero</em></strong></span> <span class='ocrx_word' id='word_1_311' title='bbox 874 2461 931 2469; x_wconf 91' lang='lat'>—</span> <span class='ocrx_word' id='word_1_312' title='bbox 950 2453 1073 2480; x_wconf 77' lang='lat' dir='ltr'><strong><em>uxor.</em></strong></span> <span class='ocrx_word' id='word_1_313' title='bbox 1123 2438 1259 2481; x_wconf 86' lang='lat' dir='ltr'><strong>Guelf.</strong></span> <span class='ocrx_word' id='word_1_314' title='bbox 1290 2437 1415 2481; x_wconf 81' lang='lat' dir='ltr'><strong>Goth.</strong></span> <span class='ocrx_word' id='word_1_315' title='bbox 1436 2437 1537 2477; x_wconf 83' lang='lat' dir='ltr'><strong>haec</strong></span> 
     </span>
     <span class='ocr_line' id='line_1_35' title="bbox 95 2507 467 2546; baseline 0.003 -1"><span class='ocrx_word' id='word_1_316' title='bbox 95 2507 234 2545; x_wconf 85' lang='lat' dir='ltr'>omnia</span> <span class='ocrx_word' id='word_1_317' title='bbox 263 2507 467 2546; x_wconf 84' lang='lat' dir='ltr'><strong>omittunt.</strong></span> 
     </span>
    </p>
   </div>
   <div class='ocr_carea' id='block_1_10' title="bbox 95 2583 1540 2695">
    <p class='ocr_par' dir='ltr' id='par_1_16' title="bbox 95 2583 1540 2695">
     <span class='ocr_line' id='line_1_36' title="bbox 210 2583 1455 2640; baseline 0.002 -18"><span class='ocrx_word' id='word_1_318' title='bbox 210 2587 245 2633; x_wconf 87' lang='lat'><strong><em>§.</em></strong></span> <span class='ocrx_word' id='word_1_319' title='bbox 286 2588 354 2625; x_wconf 90' lang='grc'><strong><em>28.</em></strong></span> <span class='ocrx_word' id='word_1_320' title='bbox 422 2584 550 2625; x_wconf 73' lang='lat' dir='ltr'><em>habes.</em></span> <span class='ocrx_word' id='word_1_321' title='bbox 611 2583 736 2625; x_wconf 69' lang='lat' dir='ltr'>,Amb.</span> <span class='ocrx_word' id='word_1_322' title='bbox 770 2590 807 2626; x_wconf 89' lang='lat'><strong><em>1.</em></strong></span> <span class='ocrx_word' id='word_1_323' title='bbox 838 2591 877 2626; x_wconf 91' lang='grc'><strong><em>2.</em></strong></span> <span class='ocrx_word' id='word_1_324' title='bbox 923 2585 1029 2626; x_wconf 83' lang='lat' dir='ltr'><strong><em>Flor.</em></strong></span> <span class='ocrx_word' id='word_1_325' title='bbox 1061 2600 1218 2640; x_wconf 84' lang='lat' dir='ltr'><strong>quoque</strong></span> <span class='ocrx_word' id='word_1_326' title='bbox 1249 2587 1455 2626; x_wconf 77' lang='lat' dir='ltr'><strong>omittunt.</strong></span> 
     </span>
     <span class='ocr_line' id='line_1_37' title="bbox 95 2650 1540 2695; baseline 0 -5"><span class='ocrx_word' id='word_1_327' title='bbox 95 2661 282 2691; x_wconf 75' lang='lat' dir='ltr'><strong><em>utrumne.</em></strong></span> <span class='ocrx_word' id='word_1_328' title='bbox 333 2651 402 2693; x_wconf 83' lang='lat' dir='ltr'><strong><em>Sic</em></strong></span> <span class='ocrx_word' id='word_1_329' title='bbox 422 2655 542 2693; x_wconf 82' lang='lat' dir='ltr'><strong>etiam</strong></span> <span class='ocrx_word' id='word_1_330' title='bbox 566 2650 687 2693; x_wconf 88' lang='lat' dir='ltr'><strong>Amb.</strong></span> <span class='ocrx_word' id='word_1_331' title='bbox 714 2657 753 2693; x_wconf 90' lang='lat'><strong><em>1.</em></strong></span> <span class='ocrx_word' id='word_1_332' title='bbox 774 2660 813 2694; x_wconf 78' lang='lat'><strong><em>2.</em></strong></span> <span class='ocrx_word' id='word_1_333' title='bbox 847 2652 951 2693; x_wconf 75' lang='lat' dir='ltr'><strong><em>Flor.</em></strong></span> <span class='ocrx_word' id='word_1_334' title='bbox 973 2653 1062 2693; x_wconf 83' lang='lat' dir='ltr'><strong><em>Par.</em></strong></span> <span class='ocrx_word' id='word_1_335' title='bbox 1087 2660 1123 2693; x_wconf 82' lang='lat'><strong><em>1.</em></strong></span> <span class='ocrx_word' id='word_1_336' title='bbox 1143 2659 1182 2695; x_wconf 88' lang='grc'><strong><em>2.</em></strong></span> <span class='ocrx_word' id='word_1_337' title='bbox 1207 2659 1246 2694; x_wconf 80' lang='grc'><strong><em>3.</em></strong></span> <span class='ocrx_word' id='word_1_338' title='bbox 1354 2651 1460 2692; x_wconf 76' lang='lat' dir='ltr'><em>illius</em></span> <span class='ocrx_word' id='word_1_339' title='bbox 1485 2674 1540 2682; x_wconf 85' lang='lat'><strong><em>--</em></strong></span> 
     </span>
    </p>
   </div>
  </div>
 </body>
</html>
