1721 2974
161 148 178 182 1
189 148 212 181 6
594 139 868 196 Supplcmenta
908 141 1171 182 annotationis

158 255 349 297 Ambros.
386 257 450 304 1.,
501 260 545 293 ut
582 268 629 293 ea
665 255 858 308 scriptura
889 257 968 304 jam
995 256 1119 295 trium
1148 257 1389 309 optimorum
1418 259 1625 300 codicum'

156 325 390 363 auctoritate
432 320 714 372 defendatur]
832 324 1044 374 attigerunt
1088 321 1189 364 Tur.
1231 323 1354 366 Bern.
1398 324 1525 367 Amb.
1561 332 1597 368 1.

241 389 401 429 audiunt
437 386 564 429 Amb.
598 394 636 429 1.

189 499 193 502 ,
268 459 305 508 §
330 462 368 497 8.
412 459 455 494 in
472 456 616 496 scholis
634 457 724 496 edd.
748 458 843 510 aliq·
868 464 963 496 vett.
1018 473 1072 497 ex
1093 459 1238 498 scholis
1276 459 1374 500 Tur.
1405 459 1532 503 Amb.
1557 467 1594 502 1.

153 524 256 566 Bad.
301 526 383 564 alii.
509 524 598 564 inde
638 534 778 563 namra
819 522 953 564 Guelf.
995 524 1111 566 Voss.
1148 532 1183 567 1.
1218 533 1256 567 3.
1310 527 1433 569 Bern.
1486 529 1598 570 Sich.

156 595 319 647 [tuetur
347 590 510 645 Sarpius
542 607 581 646 p.
612 596 662 633 21
695 590 787 646 sq.]

266 661 303 711 §.
340 665 377 701 9.
439 658 552 698 illum
582 661 708 697 nescio
741 675 852 712 quem
883 658 983 700 Obr.
1035 661 1171 714 (haud
1201 662 1321 702 dubie
1353 677 1404 703 ex
1436 662 1602 717 Argen-

149 727 257 784 tor.)
290 727 388 769 Tur.
422 726 556 777 Flor.,
596 729 769 765 verishn.
796 726 923 768 Amb.
952 732 988 767 1.
1050 727 1199 782 [Couf.
1237 727 1362 770 Cicer.
1408 746 1448 783 p.
1480 730 1598 772 Fout.

150 815 184 840 c.
215 802 242 839 7
273 806 401 837 extu:
443 794 550 833 nihil
580 796 676 844 erit,
717 809 842 848 quam
867 797 916 833 ob
940 810 1026 834 rem
1064 798 1132 835 ille
1161 799 1296 836 nescio
1326 800 1415 852 quis
1443 801 1601 852 sapiens

149 866 273 905 homo
306 880 350 904 ac
382 865 604 904 multarum
631 876 766 900 rerum
795 865 943 915 peritus
976 863 1027 901 ad
1055 878 1114 902 res
1144 864 1378 914 judicandas
1417 869 1602 921 requira-

147 932 258 985 tun]
373 948 451 970 non
485 931 611 984 possit
645 927 773 970 Amb.
806 934 869 980 1.‚
904 929 1011 969 Flor.
1045 945 1068 970 a
1097 945 1153 970 m.
1183 947 1259 971 sec.
1323 933 1601 986 [De-signifi-

148 1004 304 1042 catione
329 1002 435 1040 vocis
467 998 610 1036 theatri
639 998 776 1050 Spald.
809 999 980 1036 conferri
1005 1000 1118 1048 jussit
1148 999 1242 1038 dial.
1267 999 1316 1037 de
1339 1008 1455 1040 oratt.
1487 1016 1522 1042 c.
1546 1005 1599 1042 39

147 1079 186 1110 et
214 1066 512 1123 Wyttenbach.
544 1064 652 1106 Bibl.
686 1067 771 1104 crit.
803 1063 902 1104 Vol.
928 1062 989 1103 III
1014 1074 1091 1118 prt.
1125 1066 1150 1104 4
1181 1082 1220 1119 p.
1246 1064 1339 1117 79.]

261 1138 298 1187 §.
334 1141 398 1175 10.
459 1134 520 1172 At
535 1133 631 1189 flere
662 1135 784 1172 etlam
812 1130 912 1172 Tur.
947 1147 970 1171 a
996 1148 1056 1185 pr.
1087 1148 1143 1173 m.
1195 1133 1321 1187 (post.
1354 1134 1444 1174 ded.
1475 1134 1598 1190 vero)

145 1204 251 1246 Flor.
286 1202 415 1245 Amb.
440 1207 478 1242 1.
516 1200 640 1242 Paris.
675 1205 712 1240 1.
740 1206 780 1241 2.

261 1274 300 1323 §.
333 1276 399 1311 11.
458 1285 595 1323 pecun.
645 1267 709 1306 vel
751 1270 871 1307 amic.
915 1266 1016 1307 Tur.
1062 1266 1169 1307 Flor.
1217 1264 1346 1309 Amb.
1380 1273 1417 1309 1.
1471 1266 1596 1312 Goth.

147 1340 288 1393 Camp.
331 1338 420 1378 edd2
466 1339 581 1390 reliq.
632 1350 708 1375 am.
755 1350 793 1374 v.
832 1351 916 1389 pec.
1048 1351 1139 1374 num
1177 1344 1330 1387 tamen5
1379 1338 1437 1376 ita
1476 1338 1621 1383 codd„

143 1408 267 1449 Paris.
293 1407 338 1447 ·4.
375 1411 412 1447 5.
449 1404 545 1446 Ald.
580 1413 620 1444 et
650 1403 740 1442 edd.
772 1411 861 1456 post
898 1401 1038 1453 Sich.;
1088 1405 1237 1454 prlores
1267 1418 1342 1442 non
1362 1413 1513 1456 tamen,
1555 1413 1603 1444 et

145 1480 201 1516 sic
235 1475 334 1516 Tur.
365 1474 473 1515 Flor.
508 1472 636 1514 Amb.
660 1475 698 1511 1.
733 1468 855 1511 Goth.
886 1468 1044 1510 Almel.
1085 1468 1210 1511 Paris.
1239 1474 1276 1510 1.
1301 1475 1341 1510 2.
1366 1475 1405 1512 3.
1450 1469 1593 1525 Camp.

144 1543 280 1586 Andr.
344 1541 406 1584 Cf.
437 1542 678 1592 Heusinger.
712 1539 763 1577 ad
795 1537 880 1580 Cic.
923 1537 971 1577 de
1001 1535 1120 1578 Offic.
1153 1534 1227 1588 III,
1260 1542 1311 1578 18
1344 1538 1381 1588 §
1415 1539 1470 1580 74
1501 1552 1592 1592 pag.

142 1612 267 1652 Heus.
304 1615 401 1651 707.
497 1607 602 1647 hanel
640 1615 767 1662 potest
803 1605 912 1646 Jens.
948 1613 988 1644 et
1017 1604 1108 1644 edd.
1140 1613 1236 1645 vett.
1270 1607 1481 1658 plurimae.
1542 1622 1594 1645 an

139 1690 267 1735 potest
290 1677 430 1732 Camp.
461 1675 597 1718 Andr.
697 1673 787 1728 plus
816 1674 956 1718 secreti
981 1671 1125 1711 studia.
1185 1670 1248 1711 Ita
1278 1673 1404 1712 edidit
1430 1671 1592 1725 Burm.‚

143 1747 399 1788 Obrechtum
436 1752 616 1794 secutu83
671 1750 788 1782 antea
827 1743 955 1793 legeb.
995 1756 1037 1793 p.
1066 1756 1100 1782 s.
1131 1742 1314 1794 temporis
1342 1739 1497 1792 studia5
1536 1743 1594 1782 sic

140 1815 239 1856 Tur.
282 1814 409 1854 Amb.
448 1819 484 1852 1.
528 1808 664 1851 Guelf.
710 1807 833 1850 Goth.
873 1807 996 1861 Bem.
1038 1805 1181 1847 Pariss.
1226 1822 1388 1859 omnes,
1437 1817 1593 1863 praeter

142 1886 260 1934 alios,
309 1884 379 1936 qui
407 1894 492 1919 non
519 1886 816 1928 memorautur3
865 1878 1001 1916 nullus
1033 1883 1137 1915 certe
1166 1875 1255 1915 cod.
1288 1877 1476 1927 affertur,
1518 1878 1591 1931 qui

140 1952 324 2005 temporis
365 1950 537 1987 omittat.
1516 1994 1517 1997 Ἴ

254 2019 292 2070 §.
327 2021 392 2057 12.
453 2014 641 2054 ediscenti
671 2027 751 2054 om.
781 2011 891 2053 Jens.
927 2020 966 2052 et
996 2011 1087 2052 edd.
1119 2014 1191 2052 rel.
1222 2019 1313 2051 ante
1342 2008 1472 2062 Ald.,
1504 2025 1587 2053 acc.

139 2085 240 2126 Bad.
286 2083 400 2125 Cerv.
440 2081 592 2123 Vidov.
663 2081 809 2131 eclisc„
846 2079 1032 2120 scribenti
1075 2089 1111 2118 et
1152 2094 1239 2132 cog.
1279 2078 1382 2120 Ald.
1427 2086 1467 2119 et
1495 2079 1586 2120 edd.

138 2162 228 2207 post
262 2151 374 2192 Sich.
415 2165 542 2205 usque
582 2150 634 2189 ad
672 2148 815 2190 Buxm.
875 2164 953 2188 scr.
986 2146 1046 2188 ecl.
1079 2156 1114 2185 et
1146 2162 1233 2199 cog.
1277 2143 1399 2186 Gesn.
1442 2143 1584 2198 Spald.

139 2221 258 2261 scrib.
291 2219 477 2258 ediscenti
506 2234 593 2271 cog.
628 2216 736 2272 (om.
766 2215 818 2270 et)
848 2214 949 2258 Obr.
983 2214 1120 2269 (haud
1153 2215 1272 2255 dubie
1300 2228 1352 2254 ex
1379 2210 1586 2267 Argent.)

138 2288 238 2330 Tur.
280 2288 388 2328 Flor.
428 2284 552 2327 Goth.
594 2282 729 2326 Guelf.
766 2282 891 2324 Paris.
916 2288 953 2323 1.
977 2288 1017 2324 2.
1043 2288 1081 2324 3.
1121 2281 1260 2336 Camp.
1375 2279 1588 2321 Modicum

139 2372 231 2409 ergo
270 2355 370 2398 Obr.
415 2353 552 2408 (haud
592 2353 710 2392 dubie
749 2367 802 2391 ex
840 2349 973 2405 Arg.)
1012 2348 1111 2391 Tur.
1140 2349 1248 2390 Flor.
1283 2345 1406 2390 Goth.
1441 2345 1583 2400 camp.

138 2425 230 2464 fort.
265 2423 390 2464 Amb.
416 2416 480 2461 1.'
551 2422 729 2461 notitiam
760 2422 861 2460 Tux.
893 2418 1023 2461 Amb.
1049 2423 1087 2459 1.
1119 2415 1277 2468 Bodlej.
1379 2423 1586 2469 praeeunte

139 2490 204 2530 vel
229 2490 386 2530 docente
414 2489 477 2528 vel
503 2491 574 2529 int.
614 2487 721 2528 Flor.
756 2502 777 2526 e
806 2489 948 2539 glossa.

255 2560 349 2612 [De
384 2556 663 2611 partitionibus
703 2558 792 2608 lege
831 2553 1116 2609 Spaldingium
1143 2560 1269 2593 semet
1297 2552 1431 2604 ipsum
1459 2549 1584 2590 corri-

142 2635 304 2680 gentem
332 2629 374 2664 in
404 2626 567 2678 praefat.
599 2623 696 2663 Vol.
728 2620 747 2662 I
774 2637 813 2675 p.
844 2618 1051 2673 LXXIII,
1081 2621 1132 2661 ad
1163 2634 1286 2674 quam
1313 2627 1453 2659 uotam
1481 2616 1583 2656 haec
