1721 2974
150 155 230 194 304
581 149 855 206 Supplementa
895 149 1158 191 annotationis

259 266 300 317 ᾗ.
331 271 401 309 22.
457 275 538 306 aut.
580 263 715 306 Guelf.
736 262 876 316 Camp.
899 273 1040 312 autem.
1132 265 1353 320 conficitur..
1403 262 1594 309 Amb.1.

146 335 329 392 ffciiur.
435 333 536 375 nihil
553 332 620 373 acl.
669 330 805 372 Guelf.
827 333 945 371 inser.
967 330 1087 373 aliud.
1189 343 1246 371 cst
1265 347 1372 372 vera.
1405 331 1532 373 Amb.
1556 338 1594 373 1.

145 405 183 442 si
198 418 293 443 vera
307 431 320 453 ,
370 416 394 441 a
412 416 490 443 sec.
513 415 568 439 m.
597 401 649 438 sit
676 413 740 447 v.‚
780 413 874 438 cum
893 397 1001 440 Flor.
1117 410 1161 438 ut
1186 402 1275 439 vim.
1322 398 1455 443 Amb.
1480 404 1520 438 1.
1547 416 1595 438 na

145 472 249 523 vim,
305 484 328 510 a
347 485 425 509 sec.
448 479 628 520 111,..οι1111
650 464 757 504 Flor.
787 475 838 504 ut‘
856 482 902 505 ne
931 469 1025 507 vim.
1142 468 1306 523 offirat.
1338 465 1472 509 'Amb.
1502 471 1539 506 1.
1571 481 1595 505 a

143 552 223 580 sec.
238 550 296 577 m.
316 535 504 593 adferret.
591 543 632 571 ut
652 531 775 571 hostis
796 549 878 587 rep.
925 532 1056 575 Amb.
1078 539 1114 575 1.
1137 552 1216 590 r.ep
1239 552 1276 574 u.
1297 534 1336 576 h.
1392 533 1531 574 Turio.
1553 550 1592 573 ιι.

144 604 186 645 h.
208 603 369 660 repellit.
459 599 650 643 Clodium.
690 599 797 641 Flor.
820 601 887 640 hjc
909 609 948 641 et
967 617 1085 657 supra
1115 601 1335 644 Claudium.
1424 600 1597 643 ostendi-

143 688 241 713 mus.
289 670 428 711 Turio.
451 666 588 709 Guelf.
609 667 856 723 ffndimus.
992 706 996 711 ,

256 751 292 801 §.
325 753 394 790 23.
456 745 568 789 Clod.
600 749 670 786 ins.
729 745 869 800 Camp.
898 748 973 787 ins·
1001 745 1128 788 Clod.
1254 762 1351 787 vera
1377 764 1471 788 esse.
1525 745 1595 788 Sin

143 821 265 861 etiam
284 813 393 859 Flo'r.
457 838 463 843 ·
497 816 657 854 intentio
678 838 737 847 --
755 813 852 854 verssa
872 816 1081 856 connexio.
1139 813 1208 854 Sic
1236 817 1360 854 etiam
1378 814 1483 855 Flor.

254 897 291 947 ᾗ.
322 894 392 935 24.
450 894 660 934 oratorius.
717 891 847 934 Amb.
871 897 909 933 1.
940 891 1030 933 Par.
1057 897 1094 932 1.
1122 895 1244 932 etiam
1272 893 1510 933 oratoribus.

136 973 358 1018 propterea.
409 958 541 1002 Amb.
562 965 601 1001 1.
626 962 748 999 etiam
768 971 944 1015 propter.
1051 962 1212 1002 intenta.
1260 959 1329 1000 Sic
1359 964 1479 1001 etiam
1506 959 1594 1000 Par.

143 1035 181 1070 1.
203 1036 244 1070 2.
304 1028 516 1070 omittunt
534 1027 661 1069 Amb.
691 1033 730 1070 1.
759 1027 866 1068 Flor.
900 1043 923 1068 a
941 1043 1020 1068 sec.
1042 1042 1097 1068 m.
1185 1039 1416 1069 contentum.
1464 1026 1593 1070 Amb.

141 1103 182 1139 1.
211 1096 320 1137 Flor.
344 1099 465 1137 etiam
489 1105 684 1136 contenta.
1432 1106 1434 1110 ·

253 1178 288 1230 §.
318 1178 390 1220 25.
445 1177 588 1214 virtute
614 1198 673 1206 —-
701 1182 842 1227 potest.
886 1171 1095 1215 Omittunt
1122 1175 1244 1214 etiam
1270 1171 1395 1216 Amb.
1420 1179 1461 1214 1.'
1487 1173 1595 1213 Flor.

224 1260 298 1299 quo
319 1258 442 1284 nemo.
491 1240 614 1284 Goth.
642 1243 734 1296 quia
761 1256 884 1280 nemo·
999 1243 1215 1296 quisquam.
1265 1240 1392 1282 Aan.
1417 1246 1455 1282 1.
1485 1233 1594 1281 Flor.

141 1314 265 1353 etiam
287 1313 456 1368 quisque.
569 1319 696 1364 potest
718 1311 817 1364 quis.
864 1307 896 1348 F
898 1311 972 1348 lor.
995 1311 1153 1367 quisquc·
1171 1319 1311 1363 potest.
1410 1309 1595 1364 Enthym,

137 1406 196 1413 —-
223 1381 401 1434 pecunia.
462 1377 673 1421 Omittunt
703 1379 826 1417 etiam
858 1374 966 1417 Flor.
1093 1375 1196 1417 male
1233 1379 1292 1416 uti
1324 1387 1467 1432 potest.
1526 1375 1594 1416 Sic

137 1451 261 1488 etiam
289 1445 393 1487 Flor,

255 1527 291 1578 ᾗ.
322 1529 405 1566 26..
452 1539 552 1580 quae
572 1534 627 1562 est
651 1525 702 1564 in.
741 1521 881 1576 Camp.
904 1524 1044 1579 quein.
1129 1520 1288 1576 legavit.
1330 1522 1467 1564 Turio.
1491 1522 1596 1577 liga-

139 1596 206 1633 vit.
292 1585 391 1647 quoe
411 1603 464 1630 est
485 1594 525 1630 in
546 1602 708 1644 argento
729 1615 786 1624 —-
809 1590 867 1630 Or
860 1601 984 1629 aton.
1044 1588 1185 1643 Camp.
1216 1599 1348 1630 totum
1375 1594 1512 1631 locum
1538 1595 1595 1631 sic

140 1662 329 1713 corrIPit:
363 1675 462 1714 quae
482 1669 538 1697 est
561 1676 608 1698 αν
607 1670 762 1711 genium
782 1658 940 1710 legavit.
997 1655 1174 1697 Orator-i.
1259 1658 1428 1699 habebit.
1464 1657 1594 1699 Aan.

143 1734 183 1769 1.
217 1726 326 1766 Flor.
373 1735 411 1765 et
440 1728 516 1780 ipsi
554 1725 708 1765 habeat,
773 1723 908 1766 Guelf.
947 1727 1098 1764 omittit
1137 1727 1273 1764 onmia
1306 1728 1355 1763 ab
1392 1737 1596 1779 argentum

139 1806 269 1836 autem
292 1795 343 1833 ad
363 1792 522 1846 legavit.
631 1809 753 1834 omne.
804 1791 912 1832 Flor.
942 1794 1063 1831 etiam
1093 1808 1254 1833 omnem.
1313 1795 1404 1833 Hoc
1431 1802 1471 1833 et
1489 1809 1593 1849 quae

138 1870 363 1918 sequuntur
385 1870 477 1900 ante
501 1871 662 1913 argento
686 1859 826 1914 Camp.
849 1861 1012 1899 omittit.

254 1943 290 1993 ξ.
323 1944 391 1980 27.
451 1938 591 1995 syllog·
615 1938 780 1993 quidem.
829 1936 939 1978 Flor.
960 1953 996 1991 q.
1019 1951 1053 1976 ε.
1141 1945 1184 1974 ut
1205 1939 1247 1975 in
1263 1939 1454 1979 oratione.
1501 1937 1594 1980 Par.

139 2015 179 2050 1.
200 2015 239 2050 2.
269 2011 390 2047 etiam
415 2017 457 2045 ui
485 2009 567 2046 sine
592 2008 755 2046 ratione.
868 2006 926 2044 uti
953 2002 1079 2062 nffczs,
1134 2001 1242 2043 Flor.
1273 2021 1310 2044 n.
1345 2022 1385 2046 u,
1500 2022 1593 2048 non.

137 2077 264 2131 Δηὼ.
288 2081 324 2116 1.
345 2075 453 2115 Flor.
477 2077 597 2114 etiam
619 2076 824 2113 omittunt.
927 2081 1107 2112 constare
1128 2080 1264 2111 totam.
1311 2070 1448 2112 Turio.
1478 2089 1502 2113 a
1526 2090 1590 2127 pr.

137 2161 195 2186 m.
228 2153 422 2185 constaret
453 2152 588 2181 totum.
721 2157 822 2193 <1ng
825 2156 895 2180 css
933 2162 985 2169 —
1018 2138 1183 2193 euthym.
1242 2136 1364 2178 Amb.
1402 2145 1439 2180 1.
1468 2144 1590 2180 etiam

138 2213 425 2265 og‘rrcssionem
453 2224 507 2248 ωε
538 2208 703 2262 enthym.
753 2207 860 2248 Flor.
895 2207 1185 2259 aggressionem
1205 2216 1241 2244 et
1261 2206 1425 2261 cnthym.
1473 2206 1586 2249 Jens.

137 2279 261 2319 Tarv.
284 2279 533 2331 aggressione
554 2291 609 2314 ex
628 2275 796 2331 enthym.
883 2273 1221 2327 disputationibus.
1262 2272 1370 2314 Flor.
1391 2273 1588 2329 discepta-

137 2347 321 2388 tionibus.
420 2346 520 2385 inter
540 2360 593 2383 se.
648 2340 783 2383 Guelf.
805 2344 845 2381 in
863 2358 917 2381 se.

249 2429 286 2479 §0
318 2428 387 2465 28.
444 2422 518 2463 illi.
549 2420 692 2471 {Amb.
714 2426 752 2462 1.
784 2420 892 2463 Flor.
917 2435 1077 2474 quoque
1096 2417 1190 2458 illis.
1305 2418 1585 2473 scrupulosius·

138 2491 271 2532 Turio.
292 2507 316 2532 a
334 2508 395 2546 pr.
416 2505 471 2530 ln.
491 2488 742 2544 scrupulosis.
853 2487 1082 2544 perducunt.
1132 2485 1237 2527 Flor.
1258 2500 1280 2525 a
1301 2501 1362 2540 pr.
1384 2502 1440 2527 m.
1463 2486 1586 2526 dedu-

140 2570 243 2600 cunt.
358 2558 567 2599 vindicent.
624 2556 730 2599 Flor.
759 2555 884 2599 Goth.
914 2555 1054 2608 camp.
1079 2554 1293 2594 vendicent.
1404 2571 1581 2610 quarum.

140 2624 280 2681 Camp.
311 2642 485 2683 quorum.
