1721 2974
113 152 195 189 232
555 144 828 200 Supplementa
858 144 1120 184 annotationis

119 259 289 299 diuersa.
357 257 449 300 Par.
481 264 520 299 1.
562 275 658 313 quae
693 257 937 298 adversario.
1047 265 1367 309 proponerentur.
1429 254 1565 296 Guelf.

115 337 387 382 proponerent.

230 396 267 447 §.
309 400 346 435 3.
414 394 712 446 Πίνυηιειιηᾳιῑε.
758 390 850 431 Par.
875 396 914 431 1.
937 405 1098 446 quoque
1129 401 1347 444 utrumque.
1453 406 1571 444 neque

119 466 233 503 enim.
292 462 359 502 Sic
390 465 510 501 etiam
536 460 661 499 Amb.
688 465 727 499 2.
757 456 858 498 Ald.
888 458 1001 498 Sich.
1116 476 1192 513 quo
1221 468 1317 498 toto.
1376 455 1502 496 Amb.
1530 463 1570 496 1.

118 533 186 585 qui
208 542 237 571 t.
253 562 263 581 ‚
297 545 318 569 a
338 545 416 569 sec.
439 543 490 566 m.
512 530 604 581 quia
625 537 672 574 t.,
717 526 787 566 sed
810 528 912 565 forte
933 529 1041 579 prius
1061 536 1145 567 erat
1164 535 1209 566 ut
1231 527 1375 565 editur.
1433 524 1572 564 TurIc.

121 598 231 638 Flor.
263 613 284 636 a
314 613 373 650 pr.
403 611 458 634 m.
487 593 597 634 Ahn.
631 593 772 647 Camp.
806 596 900 647 quia
929 604 1023 634 toto.

233 669 269 719 ᾧ.
301 665 343 704 4.
399 665 600 716 prooemii.
659 661 797 702 Turio.
830 676 853 701 a
883 677 942 715 pr.
974 677 1030 701 m.
1070 660 1186 702 Alm.
1215 660 1457 716 prohoemia.

124 751 242 789 neque
267 742 418 771 narrat.
489 728 612 770 Goth.
654 729 764 770 Jeus.
809 739 848 769 et
882 730 973 769 edd.
1013 738 1104 769 aute
1146 727 1303 783 Gryph
1343 742 1430 767 exc.
1462 725 1575 767 sloh.

208 811 261 840 est
282 800 395 839 atius.
454 796 580 838 Amb.
608 803 646 837 1.
676 796 813 838 Turio.
842 797 950 838 Flor.
983 797 1124 850 Camp.
1162 807 1257 835 esset
1289 794 1404 835 alius.
1462 792 1576 834 Ahn.

124 868 226 908 alius
259 877 368 906 esset.
428 864 537 905 Jens.
574 873 613 904 et
642 866 732 905 edd.
763 874 856 905 ante
885 864 988 905 Bad.
1019 868 1212 904 omittunt
1231 862 1348 903 alius.
1464 873 1579 916 atque

125 952 182 976 ca.
246 932 371 974 Goth.
412 943 447 972 et
487 949 542 972 ea.
609 932 728 973 Voss.
770 938 808 973 3.
859 936 1007 972 omittit
1043 943 1172 986 atque.
1285 932 1578 984 perveniremus.

123 1002 250 1042 Amb.
280 1007 319 1041 2.
339 1003 637 1055 pervenerimus.
741 1011 781 1038 ut
801 1000 982 1053 jndicem.
1042 998 1168 1039 Amb.
1193 1004 1230 1038 1.
1253 1001 1371 1038 inser.
1394 998 1494 1037 huic.

124 1080 358 1124 praeparent
379 1079 428 1108 et.
486 1067 612 1107 Amb.
642 1073 681 1108 1.
714 1083 734 1106 a
755 1084 831 1107 sec.
855 1083 910 1107 m.
938 1067 1046 1106 Flor.
1071 1082 1094 1106 a
1112 1082 1170 1120 pr.
1191 1081 1247 1106 m.
1268 1068 1549 1120 praepar-entis.

243 1139 277 1189 §.
310 1141 348 1177 5.
410 1151 464 1175 eos·
486 1138 662 1189 quinque.
724 1135 862 1175 Turio.
890 1134 998 1174 Flor.
1032 1150 1054 1174 a
1079 1150 1137 1186 pr.
1159 1149 1216 1173 m.
1247 1132 1360 1173 Alm.
1393 1137 1583 1172 omittunt

128 1220 197 1244 ex.
315 1221 412 1259 quas
435 1203 521 1257 jud.
580 1201 715 1243 Guelf.
747 1202 844 1240 (luas
867 1203 953 1257 jud.
1069 1203 1269 1240 materiae.
1330 1199 1467 1240 Turio.
1500 1215 1580 1240 om.

213 1274 447 1340 necessaria.
492 1269 631 1310 Turio.
655 1272 907 1310 necessariae.
998 1272 1061 1309 cui
1078 1269 1192 1323 prob.
1238 1268 1363 1308 Amb.
1380 1273 1417 1308 1.
1443 1268 1580 1308 Turio.

130 1356 230 1394 quae
250 1340 363 1394 prob.
447 1339 692 1393 probatione.
744 1335 881 1378 Guelf.
900 1338 1139 1393 probationi.
1224 1336 1413 1376 videmur.
1455 1333 1582 1374 Amb.

132 1413 172 1448 1.
209 1407 318 1448 Flor.
345 1422 506 1462 quoque
537 1406 751 1445 videamur.
870 1423 969 1460 qnae
998 1408 1038 1444 in
1066 1421 1274 1444 commune.
1334 1402 1459 1443 Amb.
1483 1408 1520 1442 1.
1542 1407 1583 1444 2.

128 1474 239 1515 Flor.
278 1474 417 1527 Camp.
450 1472 586 1513 Guelf.
621 1471 740 1512 Voss.
761 1479 801 1513 2.
833 1472 957 1513 Bern.
978 1471 1100 1513 Goth.
1128 1475 1228 1512 item
1244 1472 1322 1511 hoc
1342 1471 1495 1511 ordine.

129 1559 259 1582 omnes
281 1544 530 1596 quaestiones.
584 1540 720 1580 Turio.
743 1543 865 1580 omnis
888 1543 1138 1595 quaestionis,
1223 1556 1322 1594 quae
1343 1541 1395 1578 in.
1449 1536 1584 1578 Guelf.

129 1609 257 1650 Aan.
281 1617 320 1650 2.
343 1612 470 1649 omitt.
496 1625 606 1662 qnae.
720 1625 859 1661 genere
886 1625 1023 1662 propr.
1087 1605 1221 1647 Guelf.
1245 1610 1365 1646 inser.
1389 1622 1498 1660 quae.

128 1680 293 1732 propria
319 1688 418 1717 sunt.
479 1675 614 1715 Turio.
636 1674 743 1716 Flor.
768 1674 901 1716 Guelf.
922 1674 1034 1715 Sich.
1060 1672 1192 1714 Colin.
1211 1691 1273 1727 pr.
1296 1676 1387 1713 sint.
1449 1671 1586 1725 Camp.

131 1747 275 1800 priora
298 1748 389 1786 sint.

730 1853 895 1895 ΕΑΒ.
955 1852 987 1894 I.

251 1951 289 2001 §.
329 1954 367 1988 1.
423 1950 567 2002 primo..
625 1944 744 1985 Voss.
777 1950 817 1984 1.
859 1943 1000 1997 Camp.
1033 1944 1176 1997 primo.
1287 1941 1396 1997 fere.
1458 1939 1592 1982 Guelf.

136 2017 298 2056 omittit.
410 2014 674 2069 probationes,
734 2013 844 2052 Flor.
885 2027 907 2051 a
926 2028 985 2065 pr.
1010 2026 1066 2050 m.
1096 2008 1222 2049 Amb.
1246 2014 1287 2049 2.
1315 2009 1405 2050 Par.
1429 2015 1466 2050 5.
1494 2026 1592 2063 pro-

136 2086 362 2137 positiones.
421 2081 522 2122 Loc.
549 2081 792 2135 probatione.
910 2083 1121 2133 acciperet.
1186 2076 1312 2117 Amb.
1355 2082 1392 2116 1.
1434 2093 1593 2130 aecepe-

142 2153 208 2190 rit.
322 2151 394 2190 has
414 2172 470 2179 —-
490 2146 735 2203 artificiales.
793 2148 905 2188 Haec
926 2149 1049 2187 verba
1071 2148 1218 2185 absunt
1243 2147 1366 2184 etiam
1392 2146 1441 2183 ab
1465 2142 1592 2183 Amb.

143 2222 183 2258 1.
299 2228 548 2258 vocaverunt.
609 2214 739 2256 Guelf.
771 2231 849 2255 om.

252 2287 289 2338 ξ.
330 2291 368 2325 2.
443 2294 635 2323 tormenta
675 2283 845 2323 tabulae.
917 2280 1053 2322 Turio.
1083 2277 1362 2319 tormentabilc.
1491 2280 1591 2332 ipsa.

140 2351 248 2392 Flor.
269 2367 292 2392 a
313 2368 372 2405 pr.
396 2367 452 2392 1n.
476 2354 558 2405 ipse
581 2366 675 2390 cum
693 2349 880 2390 Aan.‘2.
992 2364 1064 2403 per
1083 2364 1123 2386 se
1143 2363 1224 2387 car.
1247 2357 1344 2385 arte.
1405 2343 1527 2385 Amb.
1552 2351 1592 2387 2.

142 2418 255 2460 Sich.
281 2434 361 2459 om.
379 2435 449 2474 per
473 2435 524 2457 se.
586 2419 696 2459 Jens.
726 2427 767 2457 et
801 2417 891 2456 edd.
917 2425 1008 2456 ante
1032 2414 1186 2455 Cervic.
1210 2429 1297 2453 exc.
1322 2411 1416 2452 Ald.
1441 2430 1472 2451 e.
1497 2429 1534 2453 α.
1550 2429 1592 2466 p.

142 2502 175 2526 s.
273 2486 526 2541 eloquentiae.
586 2485 712 2525 Δῃὼ.
745 2490 784 2525 1.
814 2483 1036 2537 eloquentis.
1153 2492 1186 2519 et
1216 2480 1331 2520 allen.
1393 2478 1520 2520 Amb.
1554 2486 1593 2520 2.

144 2567 305 2606 quoque
345 2569 424 2594 om.
468 2565 516 2594 et.
583 2553 692 2594 Flor.
733 2564 766 2590 et
807 2550 1039 2591 adlevanda.
1111 2547 1208 2588 ΑΜ.
1256 2546 1407 2587 Cervic.
1447 2558 1481 2585 et
1521 2545 1596 2586 ele-

144 2619 291 2660 'Jalula-
