1721 2974
374 166 428 206 ad
459 164 622 220 Quintil.
652 163 782 204 Instie.
814 161 892 212 VI,
925 167 962 203 1.
995 163 1033 214 §.
1063 165 1232 203 3-14.
1444 166 1523 203 311

71 281 105 323 F
107 285 181 322 lor.
206 280 296 322 Par.
325 286 361 323 1.
383 283 505 321 etiam
526 278 618 320 aliis
637 281 695 319 sic
716 289 783 319 aut
801 276 919 318 illes.
944 292 980 316 a.
999 293 1051 317 m.
1142 276 1351 316 concitare.
1386 273 1523 316 Turic.

73 367 95 390 a
123 367 181 405 pr.
209 366 266 390 m.
287 360 484 390 conorare.
595 365 724 402 quam.
775 346 843 388 Sic
865 349 986 387 etiam
1005 344 1160 387 Cervic.
1176 375 1188 396 ‚
1229 360 1340 398 quem
1366 343 1458 384 Par.
1486 349 1524 383 1.

72 434 237 473 quoque
261 418 438 458 exhibet.
527 415 729 456 Dividere.
763 414 900 456 Turio.
925 413 1069 454 didere.
1159 411 1525 453 commodissimum.

73 486 212 526 Turio.
245 501 266 525 a
283 502 359 526 sec.
380 501 436 525 m.
467 484 794 525 commodissima.
913 481 1138 536 plerumque
1155 491 1255 520 sunt.
1303 478 1440 520 TurIc.
1460 480 1528 517 in-

72 570 146 595 ser.
167 571 276 609 quae.
329 552 363 594 F
365 557 438 594 lor.
473 552 614 605 Camp.
639 552 823 591 ordinem
847 559 1022 590 mutant.

185 622 221 674 §.
255 627 322 662 10.
377 624 542 675 parcius
574 635 673 659 cum.
729 618 865 659 Etiam
894 616 1004 658 Flor.
1033 616 1125 658 Par.
1155 620 1194 655 1.
1226 620 1268 655 2.
1295 615 1406 668 parti
1437 623 1530 652 tum.

73 689 184 730 Sich.
206 704 367 744 quoque
385 698 478 728 ante
496 687 625 729 Stoer.
650 703 737 726 cum
757 688 838 726 dat.
924 688 1095 725 animum
1113 682 1308 739 -firat.
1338 680 1463 720 Amb.
1488 685 1526 719 1.

74 757 181 797 Flor.
212 772 374 811 quoque
405 758 600 802 animam,
643 758 712 809 qui
742 762 780 793 et
811 756 888 807 ipsi
905 753 1068 810 jecerat
1091 752 1308 803 exhibent3
1349 758 1528 789 ceterum

73 829 195 865 etiam
225 823 345 864 Amb.
380 827 419 861 1.
457 822 620 862 consilio
653 837 724 875 pro
754 821 973 861 consilinm.
1088 835 1293 859 servemus.
1345 815 1465 857 Amb.
1488 820 1525 855 1.

74 907 329 939 reservemus,
371 891 480 945 quod
502 891 660 929 videtur
682 890 960 942 recipiendum
980 904 1077 928 esse.
1253 914 1256 916 v

185 961 222 1012 §.
258 964 323 999 11.
383 957 553 1012 quidem.
605 957 747 1011 Camp.
782 957 896 1011 quod.
1014 956 1117 996 clari.
1169 953 1305 994 Guelf.
1336 951 1446 992 (lare.

73 1045 218 1068 causae
236 1030 352 1066 vires.
399 1025 535 1066 Guelf.
556 1025 646 1066 Par.
671 1032 707 1066 1.
735 1024 874 1078 Camp.
895 1027 1014 1064 inser.
1036 1041 1142 1063 suae.
1243 1031 1332 1061 ante
1354 1036 1411 1060 oc.
1435 1035 1528 1073 pon.

72 1095 195 1137 Amb.
227 1100 264 1135 1.
288 1093 394 1134 Flor.
424 1093 566 1147 Camp.
589 1112 630 1148 p.
655 1112 693 1133 α.
715 1110 751 1134 ο.
839 1110 926 1133 cum
946 1092 1091 1132 viderit
1119 1090 1225 1148 quial.
1278 1088 1419 1141 Camp.
1445 1103 1532 1126 cum

71 1164 176 1221 quod·
205 1166 347 1203 omisso
367 1162 524 1202 viderit.

188 1234 225 1285 §.
259 1236 324 1271 12.
394 1233 537 1270 certius
570 1239 639 1268 cst.
701 1228 839 1270 Turio.
882 1245 905 1270 a
932 1245 994 1282 pr.
1026 1243 1083 1268 m.
1120 1227 1237 1269 certis
1265 1235 1335 1264 est.
1391 1221 1528 1264 Guelf.

76 1299 199 1341 Goth.
219 1299 327 1340 Jens.
357 1301 485 1338 omitt.
508 1308 575 1337 est.
665 1297 893 1338 conciliant.
938 1296 1074 1337 Etiam
1093 1294 1221 1334 Amb.
1249 1299 1284 1333 1.
1304 1291 1338 1332 F
1340 1295 1414 1331 lor.
1438 1306 1534 1330 con-

74 1367 219 1408 cilient.
315 1377 598 1406 aecusator-cm.
645 1364 781 1405 Turio.
804 1380 826 1405 a
845 1381 904 1419 pr.
924 1381 979 1405 m.
1007 1374 1251 1404 accusatore.
1349 1362 1446 1399 sati<
1466 1368 1534 1397 est.

74 1435 199 1476 Alnb.
223 1440 260 1475 1.
292 1434 397 1474 Flor.
423 1433 563 1487 Calnp.
595 1444 658 1472 sat
680 1444 747 1472 est.
865 1435 1125 1487 peroratione.
1184 1429 1321 1470 Turio.
1354 1443 1376 1467 a
1398 1444 1452 1481 pr.
1479 1440 1533 1466 ΠΙ.

72 1506 370 1560 perorationem.
476 1505 733 1557 impotentem.
784 1501 921 1542 Turio.
944 1516 966 1541 a
983 1517 1040 1555 pr.
1059 1516 1112 1539 m.
1138 1498 1246 1539 Flor.
1269 1501 1536 1551 imponentem.

161 1570 417 1628 dcformitati.
471 1570 608 1610 Turic.
634 1569 864 1626 deformati.

191 1642 225 1692 §.
258 1644 325 1679 13.
386 1637 606 1679 Vatinium.
662 1636 801 1677 Turio.
829 1637 937 1678 Flor.
967 1652 988 1677 a
1020 1652 1079 1690 pr.
1099 1650 1153 1676 m.
1186 1632 1232 1672 V
1231 1634 1448 1674 aticinium.

77 1709 152 1748 hoc
179 1724 258 1747 vos.
325 1707 432 1747 Jens.
465 1707 561 1745 haec
598 1722 677 1744 nos.
735 1703 859 1746 Goth.
890 1714 929 1744 et
958 1706 1045 1744 edd.
1089 1720 1113 1744 a
1152 1702 1272 1744 Tarv.
1314 1702 1365 1740 ad
1404 1698 1536 1739 Colin.

77 1777 173 1816 hacc
193 1792 275 1816 vos.
388 1774 525 1814 flletus
546 1776 676 1812 etiam.
731 1772 872 1826 Camp.
894 1777 1008 1812 inser.
1034 1784 1174 1812 autem.
1286 1766 1538 1810 adhibendus.

77 1843 185 1883 Flor.
206 1859 367 1898 quoque
388 1842 595 1881 habendus.
677 1841 834 1898 jhciat.
880 1840 947 1881 Sic
969 1844 1089 1880 etiam
1116 1839 1219 1879 Flor.
1240 1838 1330 1880 Par.
1357 1843 1392 1877 1.
1415 1844 1451 1877 2.

79 1911 208 1951 habet.
260 1913 327 1950 Sic
350 1913 470 1949 etiam
487 1909 615 1949 Amb.
642 1915 675 1949 1.
698 1909 808 1948 Flor.
830 1909 919 1949 Par.
946 1914 984 1949 1.
1007 1915 1044 1950 2.
1137 1912 1224 1963 jam
1246 1907 1358 1947 libro.
1414 1903 1537 1944 Goth.

80 1979 182 2019 libro
209 1981 305 2032 jam.

198 2044 384 2100 [,‚Calvi
417 2046 615 2083 sententia
643 2044 831 2083 laudatur
861 2046 982 2083 etiam
1012 2059 1034 2083 a
1067 2042 1222 2084 Seneca
1243 2044 1355 2095 epist.
1380 2042 1444 2081 94.
1475 2038 1538 2079 De

80 2113 242 2156 Vatinii
268 2114 457 2153 foeditate
478 2114 527 2151 cf.
548 2114 745 2164 imprimis
761 2110 970 2163 Vellejum
998 2114 1068 2150 lib.
1089 2109 1144 2161 II,
1165 2111 1260 2151 69.“
1292 2108 1452 2162 Spald]

198 2185 231 2233 §.
267 2183 328 2222 14.
388 2180 592 2230 invidiam,
627 2179 772 2230 odium,
803 2181 918 2219 iram.
963 2178 1089 2218 Amb.
1118 2183 1154 2218 1.
1176 2177 1327 2216 invidia
1357 2175 1462 2232 (sec.
1482 2191 1540 2216 nl.

84 2253 227 2303 adjecit
245 2249 310 2303 m)
339 2248 429 2289 odio
452 2251 518 2287 ira
549 2263 641 2287 cum
663 2245 798 2287 Guelf.
814 2279 824 2298 ‚
872 2257 911 2288 et
931 2247 1064 2287 Turic-
1084 2246 1189 2286 Flor.
1204 2279 1214 2298 ,
1253 2246 1324 2286 sed
1351 2243 1542 2284 invidiam

85 2321 355 2360 afferentibus.
440 2318 698 2371 peroratione.
748 2314 877 2356 Aan.
904 2321 941 2356 1.
967 2315 1100 2356 Turic.
1121 2330 1143 2354 a
1162 2330 1219 2368 pr.
1243 2329 1299 2354 ln.
1317 2314 1541 2369 peroratio-

85 2404 183 2428 nem.
270 2387 475 2439 contingit.
522 2384 649 2424 Amb.
672 2389 708 2423 1.
732 2399 755 2424 a
778 2400 834 2437 pr.
856 2400 912 2425 m.
939 2386 1117 2437 contigit.
1202 2383 1353 2435 gratia.
1401 2379 1539 2420 Turio.

43 2468 47 2469 ⁷
88 2470 111 2494 a
131 2471 188 2508 pr.
206 2470 260 2494 m.
280 2453 388 2493 Flor.
405 2455 594 2507 gratiam.
679 2451 839 2506 judicis.
887 2452 1023 2492 Etiam
1045 2451 1173 2491 Amb.
1198 2455 1235 2490 1.
1256 2449 1365 2489 Flor.
1385 2447 1476 2488 Par.
1503 2453 1541 2487 1.

90 2529 129 2564 2.
147 2521 290 2577 judici.
393 2523 473 2576 qui.
522 2519 647 2560 Amb.
675 2525 708 2560 1.
734 2519 843 2560 Flor.
865 2520 956 2561 I'ar.
984 2525 1020 2561 1.
1047 2534 1207 2574 quoque
1230 2533 1339 2571 quae.
1386 2515 1476 2557 Par.
1502 2522 1541 2556 2.

91 2592 196 2645 quia.
279 2589 446 2629 dictove.
488 2588 625 2629 Turio.
650 2604 671 2628 a
692 2605 750 2642 pr.
769 2588 941 2628 m.Flor.
964 2588 1069 2628 dicto
1089 2585 1159 2626 vel.
1201 2584 1338 2627 Guelf.
1360 2584 1540 2625 dictione.

174 2655 325 2698 Cossut.
379 2656 518 2712 Camp.
546 2657 702 2697 Consut.
807 2673 968 2696 sensum.
1016 2653 1151 2698 Guelf.
1177 2669 1256 2695 om.
