1721 2974
178 160 255 200 364
623 157 891 214 Supplemenia
921 160 1183 198 annotationis

283 272 318 321 §.
351 270 418 312 49.
478 281 608 310 cavete
635 268 888 324 fyr-annidem.
945 267 1065 309 Amb.
1104 278 1143 309 et
1180 268 1285 310 Flor.
1318 280 1451 311 caveto
1490 274 1605 312 ambo

173 339 291 390 item,
320 338 388 377 sed
412 336 516 377 Flor.
544 341 584 375 in
613 351 736 388 marg.
760 336 1060 390 tyrannicidam.

283 408 318 454 §.
351 409 416 445 50.
462 404 657 461 factaque
684 413 827 442 nostra.
874 402 940 442 Ex
967 402 1091 445 Amb.
1123 403 1229 443 nihil
1250 413 1455 456 notatum,
1495 403 1603 446 Flor.

171 474 325 520 urar-ia,
356 471 477 511 Paris.
503 476 537 510 1.
560 476 598 509 2.
619 472 832 510 nostr-aria.
920 473 1107 510 maxime.
1139 470 1246 511 Flor.
1269 471 1394 512 Amb.
1415 474 1604 512 mamimo.

254 538 444 577 anillam.
492 536 600 575 Flor.
631 534 754 575 Amb.
786 536 918 576 ullum.
1024 537 1088 576 vel
1115 538 1215 578 huie.
1264 538 1370 578 Flor.
1402 537 1465 577 vel
1491 538 1604 578 hunc.

169 603 331 657 [Verba
361 613 537 643 extrema
566 601 641 641 vel⁴
647 602 786 659 furem
817 603 1009 643 Schiitzio
1043 606 1087 642 in
1115 605 1457 645 dissertatiuncula
1488 620 1607 659 supra

169 673 344 711 indicata
372 670 540 709 delenda
565 671 764 710 videntur.
824 669 983 722 Quidni
1003 671 1274 723 videantur?]

282 739 318 788 §.
352 741 418 777 51.
485 736 584 775 (luae
603 741 853 792 quaestiones.
893 737 1000 778 Flor.
1023 741 1121 778 item
1140 741 1288 778 omittit
1307 749 1416 790 sunt,
1444 747 1489 778 ut
1509 739 1608 776 reli-

168 807 252 859 qui.
312 802 394 843 Sed
429 818 479 843 ex
506 803 647 845 Ambs
666 805 770 844 nihil
807 800 1007 844 diversum
1037 808 1085 844 ab
1114 804 1388 846 Obrechtiana
1415 809 1608 859 scriptura

168 871 266 910 dnae
285 881 371 908 sunt
393 874 631 924 quaestiones
660 880 832 911 notatur.
950 889 1140 927 nunquam
1169 888 1328 924 omnes,
1381 876 1409 915 i.
1435 889 1471 914 e.
1502 872 1607 914 Flor.

168 936 288 978 Amb.
303 967 314 988 ,
343 937 441 992 (qui
460 938 526 977 hic
545 942 649 978 solus
670 938 753 992 est)
788 939 904 978 Paris.
929 944 965 978 1.
989 946 1028 981 2.

277 1005 313 1056 §.
346 1008 413 1045 52.
462 1006 601 1044 incerti
621 1006 814 1045 adulterii.
859 1005 964 1045 Flor.
983 1005 1109 1047 Amb.
1133 1011 1303 1060 incerto,
1334 1007 1461 1049 Amb.
1484 1009 1606 1046 etiam

165 1075 426 1126 superscripta
460 1081 636 1112 extrema
674 1076 805 1113 littera
846 1073 1052 1113 adulterio.
1159 1077 1481 1130 pecunia,cuj11s.
1537 1073 1606 1114 Sic

164 1140 292 1180 Amb.

277 1208 312 1259 §.
346 1209 411 1247 55.
471 1208 508 1245 si
538 1206 707 1260 quando.
765 1205 871 1246 Flor.
906 1205 1031 1247 Amb.
1065 1207 1291 1262 aliquando.
1346 1209 1467 1247 iidem
1485 1207 1607 1266 saci-

165 1273 325 1314 litatem.

279 1341 316 1391 §.
348 1344 414 1382 56.
476 1357 594 1396 quam
613 1339 753 1381 dicere.
811 1340 926 1382 Nihil
953 1344 1036 1395 opiS
1057 1344 1099 1381 in
1120 1344 1261 1382 nostris
1281 1344 1405 1384 libr'ls.

729 1462 761 1503 C
793 1478 820 1503 A
852 1480 890 1504 P.
949 1462 1038 1505 III.

277 1541 360 1580 DE
387 1540 699 1580 FINJTIONE
738 1541 872 1597 (Flor.
907 1540 1056 1596 Amb.)

275 1612 313 1661 §.
348 1615 386 1649 1.
446 1608 654 1662 objiciatur
672 1633 728 1639 ——-
753 1608 943 1663 pluribus.
999 1608 1102 1649 Item
1130 1609 1235 1650 Flor.
1269 1608 1389 1651 Amb.
1411 1616 1448 1651 1.
1477 1610 1602 1652 Paris.

168 1683 204 1716 1.
227 1682 267 1717 2.
299 1675 447 1715 iisdem.
505 1674 627 1715 Amb.
661 1674 768 1715 Flor.
800 1676 913 1716 idem.
1015 1677 1239 1730 depositum.
1284 1678 1409 1718 Amb.
1434 1688 1473 1718 et
1499 1679 1601 1719 Flor.

165 1759 186 1784 a
204 1760 263 1797 pr.
283 1758 408 1782 manu
430 1744 620 1789 initiatio,
658 1757 679 1780 a
700 1757 777 1781 sec.
801 1741 907 1782 Flor.
930 1746 1133 1783 mutuatio.

276 1812 312 1862 ξ.
346 1816 386 1850 2.
445 1809 581 1849 Verba
603 1809 676 1848 hoc
696 1807 900 1848 dementem
920 1827 999 1849 esse
1020 1812 1230 1853 absuntnb
1252 1814 1448 1852 omnibus.
1493 1811 1601 1852 Tum

164 1878 270 1918 Flor.
299 1875 420 1917 Amb.
453 1893 568 1930 remp.
601 1875 728 1914 verbis
766 1875 936 1927 laedere,
991 1877 1059 1915 secl
1097 1886 1273 1917 extrema
1307 1881 1426 1918 verba
1452 1882 1496 1918 iu
1523 1879 1602 1920 hoc

165 1947 314 1984 lineola
333 1946 436 1982 infra
454 1952 590 1982 notata
609 1952 715 1981 suut.
801 1945 923 1996 igitur
942 1954 1009 1982 est.
1049 1942 1177 1983 Abest
1197 1955 1252 1983 est
1275 1960 1297 1983 a
1316 1944 1420 1986 Flor.
1443 1945 1571 1987 Amb.

279 2012 315 2061 §.
347 2012 388 2050 4.
444 2012 613 2051 orationi
627 2009 816 2064 pluribus.
860 2009 990 2050 Abest
1021 2013 1061 2050 in
1093 2014 1142 2050 ab
1173 2009 1394 2060 AJ11b.3sed
1421 2014 1470 2053 de
1489 2013 1599 2056 Flor.

163 2079 269 2118 nihil
290 2087 464 2117 notatur.

274 2146 311 2197 ξ.
344 2149 383 2185 8.
441 2143 583 2184 multos
604 2154 792 2183 auctores.
835 2143 903 2185 Sic
921 2143 1044 2185 Paris.
1068 2151 1104 2185 1.
1117 2151 1156 2186 2.
1176 2144 1316 2194 Amb.,
1336 2149 1474 2188 siletur
1492 2147 1599 2192 Flor.

166 2211 249 2254 Sed
268 2215 366 2251 enim
385 2214 493 2251 abest
513 2214 561 2250 ab
580 2214 776 2251 omnibus.
864 2215 1020 2265 neganti
1037 2212 1164 2253 Amb.
1213 2213 1386 2266 negando
1405 2213 1439 2254 F
1440 2218 1513 2255 lor.

165 2279 267 2334 quod
293 2295 364 2333 pro
396 2278 492 2334 quid
520 2281 617 2318 item
641 2277 768 2319 Amb.
868 2279 1024 2318 eandem
1046 2290 1136 2320 tres.
1184 2279 1252 2320 Sic
1269 2279 1374 2320 Flor.
1394 2284 1471 2322 nisi
1490 2283 1597 2337 quod

163 2350 254 2387 tris.
325 2345 391 2386 Ex
427 2345 552 2386 Amb.
591 2346 697 2385 nihil
724 2349 773 2386 ab
803 2345 905 2387 Obr.
938 2349 1109 2387 lectione
1139 2349 1179 2386 in
1207 2346 1363 2386 eandem
1398 2348 1597 2389 diversum

165 2422 336 2453 notatur.

277 2484 313 2531 ξ.
347 2487 386 2521 9.
446 2480 621 2518 convenit
654 2481 711 2517 sic
742 2487 816 2518 cet.
876 2477 978 2519 Flor.
1010 2482 1183 2520 convenit
1213 2496 1321 2518 suum
1344 2497 1524 2535 quaerere
1545 2500 1597 2524 an

167 2549 202 2584 si
229 2549 277 2584 sit
307 2558 347 2584 ut
377 2549 415 2585 in
453 2545 695 2586 adulterium.
759 2544 887 2586 Amb.
924 2549 1019 2586 item
1057 2564 1165 2586 suum
1194 2571 1249 2578 --
1287 2547 1360 2587 hoe
1396 2551 1447 2587 sit
1475 2559 1516 2588 ut
1545 2552 1597 2590 in.

169 2611 370 2663 [Fortasse
410 2612 545 2653 solum·
572 2629 774 2668 quaerere,
826 2629 875 2653 an
917 2614 989 2654 hoc
1028 2617 1099 2663 sil,
1150 2625 1190 2652 ut
1220 2631 1271 2653 αιι
1299 2609 1528 2655 adulterium
1556 2618 1595 2655 in
