1721 2974
179 179 260 219 246
620 177 892 234 Supplcmenid
921 177 1187 216 annotatioms

289 294 325 345 §.
357 296 397 333 7.
457 290 510 330 Et
538 291 678 332 adhuc.
738 290 805 330 Sic
837 292 959 329 etiam
984 288 1112 331 Amb.
1135 295 1171 330 1.
1203 289 1312 331 Flor.
1339 289 1430 332 Par,
1450 296 1488 333 5.
1584 305 1624 334 ut

181 359 244 399 vel
267 362 358 414 quia
387 384 442 390 -—
469 371 522 398 cst
553 358 706 413 aliquid
732 369 765 396 ct
797 357 919 398 aliud.
980 356 1048 398 Sic
1075 356 1197 398 Amb.
1222 363 1258 397 1.
1291 361 1430 398 ceteris
1459 360 1625 402 omissis.

264 439 319 466 est
345 426 495 481 aliquid
524 426 633 466 aliud
662 442 749 466 ηοη.
808 424 876 465 Sic
908 428 1031 465 etiam
1055 425 1162 465 Flor.
1196 424 1297 466 Obr.
1411 437 1477 478 ut,
1515 428 1627 467 Dies.

181 493 282 535 Obr.
311 497 427 533 inser.
459 497 562 548 quia.
650 492 800 548 aliquid
827 503 861 532 et
890 493 1013 533 aliud.
1073 492 1142 534 Sio
1169 493 1278 534 Flor.
1309 491 1432 534 Amb.
1453 500 1494 535 2.
1525 509 1629 549 quo-

180 576 274 616 que.
389 565 441 601 sit
477 561 562 601 Sol.
622 560 689 600 Sic
729 563 850 600 etiam
888 560 980 602 Par.
1014 570 1050 602 1.
1085 566 1123 602 5.
1240 577 1370 617 super.
1427 560 1556 603 Amb.
1587 568 1627 603 1.

179 645 312 684 supra.
435 640 489 668 est
531 627 596 668 vel
631 631 735 684 qnia,
794 628 898 669 Flor.
935 639 992 667 est
1031 639 1066 668 et
1106 631 1214 684 quia.
1329 646 1445 684 super
1484 640 1630 670 terram

181 695 263 735 dics
293 709 361 737 est.
420 697 531 736 Haec
558 700 707 736 omittit
734 696 842 737 Flor.
958 696 1108 751 aliquid
1138 713 1226 736 ηοη.
1285 695 1411 738 Amb.
1445 703 1482 738 1.
1522 697 1629 739 Flor.

182 778 204 802 a
222 780 281 817 pr.
302 780 357 804 m.
387 763 496 802 aliud
524 781 612 805 non.
699 763 764 803 vel
790 765 880 818 quia
912 763 1066 818 aliquid
1085 789 1140 796 --
1164 764 1246 804 dies
1274 775 1346 805 est.
1401 764 1471 806 Sic
1491 763 1628 806 Guelf.

181 835 317 871 ceteris
348 835 513 873 omissis.
618 835 669 871 sit
698 831 815 872 Nox.
877 830 980 872 Obr.
1009 835 1127 872 inser.
1160 843 1202 871 ut
1231 834 1336 887 quia.
1441 832 1526 873 (lies
1551 844 1631 874 est.-

181 898 261 947 vel,
302 903 407 954 qnia.
465 899 574 942 Flor.
605 910 640 939 ct
671 903 776 955 quia.
892 901 965 950 sit,
1004 900 1098 939 Non
1125 911 1193 940 est.
1252 900 1362 941 Flor.
1393 916 1552 955 quoque
1579 903 1632 940 sit

181 965 299 1006 Nox.
413 967 632 1009 rationalis.
689 967 756 1008 Sic
795 970 917 1007 etiam
957 966 1084 1007 Amb.
1116 973 1154 1009 1.
1193 968 1301 1008 Flor.
1333 967 1422 1009 Par.
1454 973 1491 1008 1.
1518 973 1558 1009 3.
1588 972 1629 1009 5.

264 1034 377 1075 homo
417 1046 485 1076 cst.
555 1035 682 1076 Amb.
717 1040 754 1075 1.
794 1050 874 1075 om.
915 1045 981 1074 est.
1040 1033 1175 1076 Guelf.
1221 1036 1260 1077 Ῐι.
1300 1038 1367 1076 sit.
1486 1046 1631 1091 parte&

182 1098 322 1156 Camp-
350 1113 513 1158 partem.

749 1258 780 1300 C
814 1273 842 1300 Α
874 1275 914 1300 Ρ.
973 1256 1065 1299 ΙΧ.

292 1375 327 1425 §.
361 1378 398 1413 1.
457 1383 623 1427 partem,
681 1372 791 1413 Jens.
821 1370 922 1414 Loc.
950 1371 1061 1412 Ven.
1089 1383 1238 1426 parics.
1354 1384 1513 1413 cruenta
1534 1375 1638 1413 enim

181 1452 275 1480 vest.
335 1440 475 1493 Camp.
506 1456 585 1480 om.
616 1443 732 1481 enim.
851 1440 953 1480 livor
989 1451 1023 1479 et
1057 1439 1128 1480 tal.
1187 1438 1310 1481 Amb.
1344 1446 1382 1482 1.
1416 1457 1438 1480 a
1466 1457 1543 1482 sec.
1575 1457 1632 1483 m.

183 1524 262 1548 om.
297 1520 345 1549 et.
461 1519 549 1546 sunt
580 1511 692 1548 inslr.
751 1506 879 1548 Amb.
911 1515 951 1550 2.
982 1511 1060 1547 sint
1093 1511 1204 1547 instr.

294 1580 330 1629 §.
362 1582 402 1616 2.
462 1576 589 1615 aller-a
629 1575 746 1629 quod,
806 1575 928 1615 Amb.
964 1581 1000 1616 1.
1044 1575 1127 1614 alia
1158 1573 1275 1630 quocl.
1389 1577 1470 1614 sive
1498 1575 1633 1617 ἱηιῖιιό.

183 1642 310 1682 Amb.
350 1649 413 1695 1.,
469 1646 606 1682 abraso
636 1659 701 1692 vc,
747 1643 837 1683 Par.
868 1648 901 1682 1.
926 1649 963 1683 3.
995 1646 1031 1682 si
1058 1642 1137 1681 ind.
1252 1652 1354 1682 sunt.
1414 1642 1481 1682 Sic
1508 1641 1633 1683 Amb.

189 1715 225 1750 1.
249 1717 289 1752 2.
326 1710 416 1751 Par.
453 1716 489 1751 1.
525 1716 561 1750 3.
605 1710 713 1750 Sich.
754 1726 927 1765 quoque.
1043 1719 1283 1762 argumento.
1343 1708 1483 1762 Camp.
1515 1726 1636 1762 argu*
1706 1763 1707 1766 Ἴ

185 1790 326 1819 menia.
449 1780 531 1817 sive
572 1777 703 1818 dubia.
771 1776 896 1817 Amb.
934 1782 970 1817 1.
1019 1776 1156 1817 Turio.
1207 1775 1347 1829 Camp.
1387 1779 1469 1814 sine
1504 1777 1634 1817 (lubio.
1706 1775 1707 1779 ¹

187 1845 308 1886 Tarv.
340 1849 424 1884 sive
453 1863 551 1901 quae
579 1845 712 1885 dubia.
803 1856 1065 1885 controversa.
1125 1844 1260 1884 Turic-
1293 1858 1316 1883 a
1335 1860 1394 1897 pr.
1412 1859 1468 1884 m.
1500 1842 1635 1885 Guelf.

187 1911 297 1954 Jens.
322 1911 422 1955 Loc,
453 1914 562 1954 Veu.
596 1915 875 1952 controversia.

300 1983 336 2032 §.
371 1987 409 2022 3.
480 1984 521 2020 in
551 1981 637 2021 has.
703 1980 810 2020 Flor.
844 1994 866 2018 a
897 1995 954 2033 pr.
984 1995 1038 2020 m.
1079 1982 1119 2019 in
1148 1979 1222 2020 his.
1334 1980 1486 2033 primas
1524 1977 1636 2020 duas.

190 2046 316 2088 Aan.
354 2054 391 2089 1.
436 2047 575 2102 Camp.
615 2047 652 2088 d.
679 2065 719 2102 p.
790 2047 901 2087 Sich.
942 2063 1018 2087 om.
1053 2050 1219 2102 primas.
1337 2049 1556 2086 necessaria
1584 2072 1640 2078 --

190 2132 288 2172 quae
317 2117 426 2157 mihi.
484 2115 612 2156 Amb.
636 2121 671 2156 1.
704 2132 771 2154 nec
801 2132 830 2154 s·
862 2131 1014 2170 quaque
1044 2132 1082 2155 α.
1115 2115 1154 2155 ἦ.
1185 2131 1218 2155 s,
1242 2132 1278 2154 η.
1299 2131 1340 2168 p.
1364 2130 1398 2168 q.
1425 2112 1472 2154 G.
1498 2124 1638 2153 secme-

195 2187 258 2224 ria
294 2200 332 2225 v.
373 2184 456 2223 alia
494 2186 610 2222 simia
648 2200 685 2237 q.
725 2199 776 2223 m.
835 2181 943 2222 Flor.
986 2198 1009 2222 a
1046 2198 1106 2236 pr.
1146 2197 1202 2222 m.
1244 2182 1353 2220 idem
1393 2181 1481 2230 dat,
1532 2182 1641 2236 quod

194 2251 356 2300 Turia,
395 2267 417 2291 a
443 2267 520 2291 sec.
549 2252 702 2290 accedit
732 2248 892 2301 Guelf.,
931 2252 1010 2290 nisi
1039 2250 1148 2305 quod
1173 2252 1284 2290 finit:
1330 2265 1428 2302 quae
1448 2259 1534 2287 sunt
1557 2248 1641 2289 alia

195 2335 323 2373 σημια
352 2337 388 2375 q.
418 2335 469 2358 m.
480 2348 492 2367 ,
543 2328 589 2357 ut
619 2321 741 2357 etiam
768 2317 891 2358 Amb.
914 2323 951 2358 2.
1009 2315 1066 2358 At
1096 2317 1184 2358 Par.
1219 2323 1256 2358 1.
1289 2323 1329 2358 2.
1364 2321 1401 2357 5.
1444 2325 1489 2356 ut
1519 2317 1639 2367 edin,

197 2391 275 2427 nisi
302 2388 410 2442 quod
437 2386 526 2427 Par.
550 2389 586 2425 1.
616 2384 700 2441 ᾳῖἰα
726 2384 895 2434 similia,
936 2384 1026 2425 Par.
1049 2391 1090 2425 2.
1113 2390 1152 2426 5.
1184 2384 1283 2424 alita
1308 2386 1465 2424 semina.
1579 2386 1642 2422 in·-
1709 2386 1711 2424 ὲ

197 2454 372 2495 solubile.
428 2453 552 2494 Amb.
583 2458 620 2493 1.
651 2468 672 2492 a
699 2469 758 2507 pr.
790 2468 846 2492 m.
888 2452 1114 2501 involubile,
1164 2468 1186 2491 a
1214 2468 1292 2492 sec.
1320 2466 1376 2490 m.
1406 2466 1498 2490 cum
1531 2450 1639 2492 Flor.
1709 2445 1711 2456 ¹

200 2535 299 2574 apr.
321 2537 376 2562 m.
399 2519 637 2561 inviolabile.
723 2537 769 2559 ne
799 2519 846 2559 lis
876 2519 1040 2574 quidem.
1096 2519 1220 2560 Amb.
1247 2524 1282 2559 1.
1315 2534 1337 2558 a
1357 2534 1434 2557 sec.
1457 2534 1511 2559 m.
1531 2517 1640 2559 Flor-

201 2592 407 2628 necessitas
436 2586 638 2643 quaedam.
693 2587 818 2630 Amb.
850 2592 891 2629 2.
930 2586 1049 2628 Voss.
1074 2592 1112 2628 3.
1143 2604 1190 2627 ne
1219 2589 1252 2626 125
1280 2586 1447 2642 quidem.
1505 2584 1641 2627 Guelf.

204 2670 251 2693 ne
277 2656 336 2694 his
365 2656 530 2710 quidem.

1719 2572 1721 2602 A
