1721 2974
343 135 398 178 αιῖ
429 136 591 190 Οιιίηίίἷ.
619 135 749 177 Instit.
783 132 884 187 VII,
924 134 963 174 4.
996 135 1028 188 ξ.
1059 137 1223 176 6-33,
1424 141 1505 180 369

53 259 261 304 propterea
292 249 396 304 quod
426 259 499 290 cet.
531 274 587 281 --
629 265 723 288 non
761 250 884 288 omnis
921 246 984 286 hic
1013 250 1115 285 erit
1144 249 1315 302 quaestio
1344 258 1420 290 cet.

54 315 136 356 Isto
160 333 234 357 non
256 327 342 370 post
359 319 396 355 si
412 317 509 371 quld
532 319 675 356 faciam
700 319 832 355 nese-lo
846 348 856 366 ‚
886 317 964 354 nisi
985 316 1084 354 sorte
1103 317 1158 353 sic
1177 317 1301 354 velis:
1341 318 1386 354 si
1416 333 1505 358 non

56 384 334 423 emlzeredatum
351 407 407 414 —-
425 383 722 438 leslaiusficerit
743 383 883 436 elogio,
915 384 1020 421 nisi
1043 392 1250 435 propterea
1268 391 1338 421 cet.
1414 395 1502 424 sunt

57 454 242 491 actiones.
291 449 415 491 Amb.
432 449 537 489 Flor.
558 454 636 488 sini
657 452 837 489 actionis.
890 448 999 490 Tum
1018 450 1128 488 deest
1149 465 1218 488 nos
1238 452 1279 486 in
1300 458 1485 504 utroque.

170 521 207 569 §.
240 524 306 559 22.
363 533 486 571 pace,·
524 532 624 556 cum.
679 515 782 555 Item
806 516 913 556 Flor.
946 515 1072 556 Amb.
1105 518 1296 556 omittunt
1326 534 1390 556 an.

54 585 229 624 habetur.
278 584 414 624 Ambo
443 584 595 623 habent.
707 586 858 635 gratia.
907 582 1035 623 Amb.
1064 598 1087 622 a
1115 598 1240 623 manu
1260 599 1338 624 sec.
1372 588 1504 625 lineo-s

54 656 136 691 lam
169 653 350 700 induxit,
390 661 435 690 ut
455 660 554 690 esset
581 652 770 703 graiium.

167 724 202 772 §.
234 725 301 759 23.
360 735 473 773 quam
495 734 585 756 rem.
632 716 757 756 Amb.
778 715 885 756 Flor.
918 718 958 756 in
978 734 1094 771 quam
1116 734 1207 756 rem.
1305 721 1501 758 maoeima.

54 785 179 826 Amb.
202 790 422 825 maximam
440 794 479 824 et
500 785 645 823 deiude
667 800 837 838 operam.

166 854 200 902 §.
232 854 299 894 24.
357 851 501 891 valent.
542 851 665 891 Nam.
714 850 1007 891 Aan.valenii
1029 852 1131 893 Iam.
1181 852 1278 892 Flor
1319 856 1416 894 iam.

52 919 300 973 eloquentiae.
355 919 483 960 Amb.
521 919 629 960 Flor.
678 922 777 958 item
828 919 1061 974 eloquentia..
1199 919 1318 972 Vir-g.
1377 921 1504 964 Aan.

53 985 280 1040 Verginia&

164 1056 200 1106 ᾗ.
233 1058 301 1095 25.
353 1057 456 1109 juris
483 1064 630 1109 quaest.
678 1051 804 1094 Amb.
833 1062 872 1094 et
898 1053 1006 1095 Flor.
1038 1055 1136 1093 item
1158 1055 1261 1107 juris
1291 1052 1392 1106 leges
1418 1055 1505 1110 ple-

52 1136 174 1176 rumq.
207 1133 353 1176 quaest.
393 1122 502 1162 Tum
524 1124 638 1160 ambo
664 1131 699 1159 et
724 1138 778 1160 ea*
801 1122 935 1176 quibus
959 1137 1099 1161 causae
1117 1137 1192 1160 non
1202 1123 1287 1176 fiat
1307 1132 1443 1161 status.

165 1189 202 1239 §.
234 1193 301 1229 26.
358 1205 435 1227 non
463 1191 619 1243 poterit.
678 1187 745 1228 Ex
775 1188 901 1229 Amb.
939 1199 978 1228 et
1003 1188 1112 1228 Flor.
1141 1189 1249 1227 nihil
1278 1190 1327 1227 de
1357 1194 1503 1232 omisso

51 1272 141 1296 non.
173 1255 255 1296 Sed
270 1259 314 1295 in
334 1259 462 1295 verbis
484 1259 587 1295 actio
610 1273 684 1295 non
703 1256 812 1294 fletur
833 1261 1023 1296 omittunt
1045 1272 1134 1295 non.
1172 1259 1237 1295 De
1259 1267 1350 1310 quot
1368 1273 1504 1312 neque

51 1339 105 1363 ex
131 1323 256 1363 Amb.
289 1321 450 1378 (quod)
481 1339 611 1377 neque
652 1339 704 1363 ex
740 1323 848 1364 Flor.
885 1323 1028 1378 (quot)
1070 1326 1285 1377 quicquam
1322 1333 1503 1366 notatur.

54 1390 300 1445 [Schiitzius
329 1395 372 1429 in
403 1392 553 1430 dissert.
581 1393 736 1444 saepius
765 1393 847 1441 jam
876 1392 1051 1430 indicata
1085 1393 1208 1429 etiam
1232 1391 1342 1431 hunc
1368 1395 1504 1432 locum

50 1461 126 1498 sibi
155 1459 463 1497 emaculandum
492 1462 659 1515 sumpsit
698 1474 738 1511 p.
778 1463 846 1498 27.
910 1457 992 1498 Sed
1032 1460 1147 1496 nulla
1186 1459 1368 1498 codicum
1409 1475 1503 1502 ms8.

50 1528 204 1565 ratione
227 1525 364 1564 habita
388 1526 581 1564 mutando
595 1556 606 1576 ‚
646 1526 967 1577 transponendo,
1007 1526 1191 1564 addendo
1212 1534 1295 1565 tam
1317 1528 1505 1568 audacter

50 1603 268 1646 grassatur,
310 1602 356 1632 ut
374 1596 508 1645 pigeat
530 1591 791 1642 describere.]

161 1662 196 1713 ξ,
230 1665 298 1700 27.
357 1659 484 1698 altera
506 1658 623 1698 velut.
674 1658 757 1698 Nec
777 1656 903 1697 Amb.
929 1656 1037 1698 Flor.
1067 1660 1331 1713 interponunt
1361 1663 1504 1716 imper-

35 1726 157 1783 ficii.
275 1729 532 1782 summissam.
580 1723 686 1765 Item
713 1728 831 1765 ambo
860 1728 1063 1765 summissa
1083 1751 1140 1756 —
1159 1730 1389 1781 composita.

163 1796 199 1846 §.
232 1799 300 1835 28.
355 1805 489 1849 patres
507 1795 647 1848 figura
684 1792 852 1833 laedunt.
908 1792 1034 1832 Aan.
1064 1793 1172 1834 Flor.
1204 1797 1333 1848 patris
1359 1798 1504 1850 figura

51 1859 269 1901 laedamur.
385 1861 463 1900 alio
494 1860 609 1900 libro.
657 1859 809 1899 Mirum
840 1861 948 1914 quod
978 1863 1146 1901 varietas
1178 1863 1292 1901 nulla
1310 1878 1360 1901 ex
1377 1862 1503 1904 Amb.

53 1926 160 1982 (alio
187 1928 300 1983 loco)
328 1937 512 1976 notatur,
551 1926 660 1967 Flor.
689 1930 910 1980 interponit
940 1929 993 1966 in.
1051 1926 1212 1967 Deinde
1246 1933 1504 1970 tractavimus

50 2005 234 2051 uterque.

167 2065 204 2115 §.
238 2068 307 2104 29.
361 2078 451 2102 nam
474 2071 510 2100 et
531 2064 650 2117 ipsae.
684 2059 750 2101 Ex
768 2059 893 2100 Amb.
914 2061 1019 2100 nihil
1041 2059 1198 2118 (ipsae),
1226 2061 1336 2103 Flor.
1361 2066 1500 2119 ipsam.

52 2130 189 2172 Verba
224 2146 246 2170 a
276 2129 404 2184 Regio
442 2131 577 2170 addita
614 2145 691 2169 nec
718 2132 763 2168 in
794 2128 904 2169 Flor.
933 2131 1147 2182 leguntur,
1195 2131 1266 2170 sed
1298 2145 1350 2171 ex
1376 2131 1503 2174 Aan.

51 2200 157 2239 nihil
183 2207 357 2238 notatur.

164 2268 199 2319 ξ.
232 2271 299 2306 30.
360 2264 527 2305 obstare.
584 2263 699 2304 Nihil
732 2279 783 2303 ex
809 2274 994 2320 utroque.

166 2335 203 2385 ξ.
234 2339 301 2374 33.
363 2334 633 2372 divinationes.
693 2330 801 2371 Flor.
836 2332 1111 2382 divinationis,
1164 2345 1216 2372 ex
1242 2331 1369 2373 Amb.
1399 2334 1507 2375 nihil

55 2400 378 2455 (divinationes).
505 2399 729 2439 accusabat.
776 2398 885 2440 Flor.
919 2400 1196 2456 defendebant,
1246 2404 1346 2440 item
1375 2399 1503 2442 Amb.

54 2468 124 2507 sed
157 2469 298 2508 additis
327 2471 454 2510 verbis
485 2467 726 2522 quibusdam
764 2469 914 2507 lineola
944 2471 1091 2523 notetis
1119 2469 1337 2507 accusabat
1367 2480 1506 2510 contra

55 2550 118 2574 cos
146 2537 214 2589 qui
244 2552 326 2575 eum
355 2535 715 2593 defendebant.
827 2535 945 2575 velint
964 2535 1019 2576 hi.
1069 2537 1148 2577 Hic
1173 2535 1338 2591 qujdem
1358 2534 1504 2589 Amb.,

55 2603 163 2656 quod
192 2605 436 2657 notandum,
468 2607 510 2645 ii.
744 2640 748 2645 .

101 2681 200 2716 Tom.
229 2683 272 2720 V,
959 2669 1001 2711 Α
1018 2685 1041 2710 a
