1721 2974
72 146 153 182 270
507 140 779 196 Supplementa
808 145 1071 183 annotationis

71 256 140 294 ai.
204 253 343 309 Camp.
384 258 571 296 astrictis.
685 257 928 307 magistrum.
986 254 1112 296 Aan.
1148 262 1185 297 1.
1220 262 1505 311 magistratum.

72 322 214 375 Camp.
237 339 335 377 resp.
355 340 457 376 mag.
468 353 480 370 ‚
512 325 654 362 omisso
675 332 721 361 ct.
810 321 1015 363 desierunt.
1064 322 1186 365 Goth.
1209 324 1404 380 deficiunt,
1421 342 1505 367 non

70 389 319 445 deficiet-unt,
359 399 405 429 ut
430 388 550 430 Gesn.
574 398 730 438 narrat,
774 404 864 429 cum
883 390 1001 430 Voss.
1023 397 1062 431 2.

182 459 214 510 ξ.
246 462 339 497 102.
398 458 576 513 sufficiet.
626 455 694 496 Sic
718 459 837 496 etiam
858 455 984 499 Alnb.
1008 463 1045 499 1.
1066 458 1173 499 Flor.
1195 458 1283 499 Par.
1306 466 1344 500 1.
1395 461 1509 517 suffi-

70 526 124 564 cit
143 524 252 565 Sich.
339 535 407 564 aut
423 541 449 563 a
464 541 566 578 pers,
617 521 751 564 Guelf.
776 539 855 564 0111.
877 541 913 564 α.
994 537 1063 565 aut
1091 543 1117 566 a
1137 526 1260 567 rebus.
1309 526 1435 567 Amb.
1461 534 1507 569 2.

68 608 225 648 quoque
246 607 325 631 om.
346 609 385 631 α.
442 591 553 632 Jens.
587 601 626 631 et
653 593 743 631 edd.
774 601 866 631 ante
898 591 998 632 Bad.
1033 604 1102 633 aut
1121 611 1146 633 a
1165 595 1243 634 reb.
1273 606 1341 634 aut
1358 613 1385 635 a
1402 612 1508 650 pers.

155 659 472 700 antecedentibus.
520 658 627 699 Flor.
664 675 686 698 a
715 676 774 713 pr.
808 675 863 698 m.
895 661 1177 701 accedentibus.
1231 660 1365 702 Guelf.
1398 665 1508 702 acci-

67 729 170 768 dent.
283 726 535 781 sequentibus.
594 725 728 767 Guelf.
763 725 884 767 Goth.
919 737 958 768 et
988 729 1078 768 edd.
1108 744 1221 769 meae
1249 745 1386 770 omnes
1414 740 1507 769 ante

68 795 189 838 Gesn.
217 795 508 849 insequentibus.
610 794 813 835 trahenda.
865 794 999 836 Turio.
1031 806 1069 836 et
1095 798 1186 836 fort.
1220 801 1341 837 etiam
1362 796 1503 851 Camp.

66 864 270 904 iradencla.
377 878 466 901 num
492 872 593 916 prot.
641 860 767 904 Amb.
801 867 839 903 1.
871 862 978 904 F'lor.
1011 881 1124 903 unum
1150 875 1255 918 prot.
1312 864 1438 906 Aan.
1463 871 1507 907 2.

65 932 287 974 Burmann.
310 932 498 985 sequitu1.
584 928 795 969 ducendum
816 932 880 971 sit.
921 930 988 972 Sic
1005 934 1124 971 etiam
1139 931 1228 972 Par.
1245 937 1283 974 3.
1330 933 1508 973 (lucenda

64 1017 98 1040 s.
128 999 236 1040 Flor.
267 997 392 1040 Amb.
412 1003 453 1039 2.
514 997 680 1037 dicenda
698 1014 727 1036 s,
745 997 853 1039 Flor.
878 1014 900 1038 a
921 1015 998 1039 sec.
1019 1014 1075 1040 111.
1130 999 1330 1040 dicendum
1358 1017 1386 1040 s.
1412 1000 1503 1044 Par.

67 1073 104 1109 1.
124 1074 166 1110 2.
255 1082 309 1106 ex
332 1067 405 1105 his.
456 1064 599 1119 Camp.
622 1081 677 1104 ex·
702 1068 765 1105 iis.

176 1138 213 1190 §.
245 1139 338 1176 103.
391 1149 520 1188 praes.
541 1149 628 1173 cum
641 1132 834 1188 plurimae
857 1132 971 1189 prob.
1020 1130 1145 1173 Amb.
1178 1139 1215 1174 1.
1242 1151 1305 1189 pr.
1334 1135 1507 1190 plurima

63 1214 98 1243 et
125 1203 236 1257 prob.
344 1203 500 1255 inipso.
549 1199 674 1243 Amb.
701 1205 738 1241 1.
770 1200 906 1240 Turio.
938 1216 959 1240 a
988 1216 1064 1240 sec.
1096 1216 1150 1241 m.
1183 1204 1307 1242 initio.
1366 1202 1504 1245 Turio.

62 1287 88 1312 a
116 1288 176 1326 pr.
217 1285 273 1311 m.
312 1271 443 1309 initia.
560 1270 813 1323 reperiantur.
871 1267 996 1308 Aan.
1031 1274 1069 1308 1.
1099 1268 1332 1323 repleantur.
1447 1274 1507 1312 ita

62 1339 185 1380 nulla.
245 1337 352 1378 Flor.
383 1340 442 1377 ita
477 1353 561 1376 cum
590 1339 640 1376 sit
673 1336 755 1375 alia
783 1336 860 1376 alie
879 1353 915 1375 n.
1012 1353 1147 1390 eaeque
1169 1339 1258 1378 sint.
1315 1337 1441 1379 Aan.
1465 1344 1505 1381 1.

64 1410 186 1448 etiam
213 1422 332 1461 eaque
361 1416 460 1444 sunt.
530 1403 637 1445 Flor.
676 1421 721 1444 ea
753 1422 850 1459 quae
885 1414 984 1443 sunt.
1044 1402 1194 1444 Cervic.
1236 1408 1357 1446 etiam
1389 1424 1506 1462 eoque

63 1486 164 1515 suni.
275 1483 311 1512 et
335 1474 636 1527 potentissimae.
692 1471 814 1513 Aan.
839 1478 875 1512 1.
907 1483 942 1511 et
965 1475 1238 1527 potentissime.
1297 1472 1430 1515 Guelf.
1463 1486 1507 1514 ut

61 1545 274 1598 potissime.
360 1543 525 1581 minime.
565 1539 688 1581 Goth.
710 1543 904 1580 minimae.
990 1540 1137 1580 obviae.
1175 1538 1297 1581 Ajnb.
1322 1547 1360 1583 1.
1382 1546 1506 1583 etiam

63 1611 201 1651 olivae.
253 1607 375 1650 Amb.
401 1615 439 1649 2.
461 1611 606 1648 ovviae.
693 1611 792 1662 quia.
845 1607 982 1648 Turio.
1005 1624 1116 1661 quae.
1214 1613 1430 1650 communia
1448 1635 1506 1642 —-

63 1684 165 1719 sunt.
210 1675 333 1718 Amb.
354 1683 393 1718 2.
426 1676 517 1716 Par.
546 1682 582 1718 1.
603 1682 642 1717 2.
669 1681 707 1718 3.
732 1675 991 1715 communibus
1019 1691 1073 1714 ex
1092 1693 1226 1730 praec.
1242 1680 1408 1732 propria
1425 1680 1502 1718 inv.

62 1758 162 1787 sunt.
213 1744 353 1798 Camp.
385 1759 463 1785 om.
495 1747 724 1798 accepimus.

173 1814 211 1866 §.
244 1814 339 1852 104.
398 1828 452 1851 ex
474 1814 535 1851 iis.
585 1810 708 1851 Amb.
730 1816 766 1850 1.
798 1809 933 1850 Turio.
957 1809 1090 1851 Guelf.
1113 1810 1236 1852 Aan.
1254 1819 1292 1853 2.
1312 1811 1425 1853 Sich.
1448 1828 1503 1852 ex

64 1882 137 1922 his.
223 1883 319 1935 ipse.
374 1878 494 1920 Goth.
519 1878 659 1932 Camp.
681 1881 820 1931 ipsum.
908 1878 1084 1919 habebat.
1136 1877 1270 1919 Guelf.
1302 1879 1426 1919 Amb.
1461 1886 1502 1921 2.

62 1949 173 1990 Jens.
203 1947 326 1990 Tarv.
357 1948 510 1986 haheat.
619 1956 741 1986 contr.
773 1956 842 1984 est.
890 1945 977 1985 Hoc
1003 1946 1141 1985 ordine
1172 1941 1291 1986 etiam
1312 1945 1438 1988 Amb.
1464 1953 1503 1988 1.

62 2016 171 2061 Flor.
276 2016 474 2055 servabas.
528 2013 594 2054 Sic
617 2016 737 2053 etiam
764 2012 888 2052 Aan.
905 2019 945 2054 2.
979 2012 1070 2054 Par.
1097 2019 1134 2054 1.
1158 2020 1195 2054 5.
1241 2012 1302 2053 At
1324 2013 1445 2054 Amb.
1467 2020 1503 2054 1.

61 2085 172 2125 Flor.
196 2100 218 2124 a
242 2100 302 2138 pr.
323 2099 379 2123 ln.
412 2083 613 2132 servabat,
663 2080 771 2121 Flor.
803 2096 825 2120 a
844 2096 921 2121 sec.
943 2096 1000 2121 m.
1024 2082 1195 2121 servabis
1229 2097 1322 2122 cum
1349 2081 1439 2122 Par.
1458 2088 1501 2123 2.

64 2151 217 2193 Cervic.
245 2151 356 2192 Sich.
380 2150 511 2192 Colin.
600 2161 636 2188 te
658 2149 830 2188 dimisso.
877 2148 945 2189 Sic
967 2152 1088 2188 etiam
1110 2148 1216 2189 Flor.
1239 2164 1262 2188 a
1280 2164 1339 2202 pr.
1361 2163 1416 2189 m.
1431 2180 1443 2200 ‚
1480 2164 1504 2188 a

63 2237 142 2261 sec.
169 2236 224 2261 ln.
253 2231 340 2260 anie
364 2219 458 2259 dim.
503 2217 628 2259 Aan.
652 2223 688 2257 1.
718 2228 753 2256 te
772 2216 947 2257 demisso.
1003 2216 1128 2256 Amb.
1155 2222 1195 2257 2.
1220 2226 1307 2255 ante
1326 2215 1418 2255 dim.

65 2288 218 2329 licebat.
267 2287 334 2328 Sic
364 2290 484 2327 etiam
505 2286 633 2326 Amb.
668 2290 704 2325 1.
734 2291 773 2325 2,
801 2284 910 2324 Flor.
939 2284 1030 2324 Par.
1061 2288 1098 2323 1.
1130 2287 1168 2324 5.
1225 2282 1355 2322 licebit
1382 2286 1503 2323 etiam

66 2353 223 2396 Cervic.
249 2355 380 2396 Colin.
403 2355 516 2395 Sich.
604 2352 791 2395 occidere.
841 2351 908 2392 Sic
931 2354 1051 2390 etiam
1074 2349 1198 2390 Aan.
1222 2355 1258 2390 1.
1281 2356 1320 2390 2.
1350 2348 1460 2391 Flor.

180 2425 215 2474 §.
245 2429 336 2465 105.
395 2426 436 2462 in
455 2440 542 2477 qua.
587 2421 711 2461 Amb.
734 2425 771 2460 1.
794 2417 934 2473 Calnp.
959 2422 1125 2474 inquam·
1209 2433 1287 2472 qua
1307 2416 1391 2458 lex.
1433 2418 1503 2460 Sic

67 2493 187 2529 etiam
210 2489 332 2532 Aan,
352 2498 391 2532 2.
411 2491 500 2531 Par.
525 2495 560 2530 1.
585 2496 624 2531 2.
643 2495 679 2530 3.
763 2489 991 2540 argentarii.
1041 2485 1146 2525 Flor.
1175 2499 1198 2523 a
1223 2500 1282 2538 pr.
1304 2500 1361 2525 m.
1381 2503 1504 2541 argu-

67 2560 259 2599 meniarii.
343 2559 537 2598 debebant.
577 2557 702 2597 Aan.
727 2561 764 2595 1.
785 2554 891 2594 Flor.
915 2568 936 2592 a
955 2569 1014 2606 pr.
1033 2567 1089 2592 ln.
1109 2555 1228 2592 etiam
1247 2551 1418 2593 debeant.

68 2624 342 2677 Argentarius·
388 2625 513 2668 Abest
534 2629 655 2668 etiam
672 2623 794 2665 Amb.
815 2628 851 2664 2.
870 2620 990 2663 Voss.
1007 2625 1043 2662 1.
1055 2625 1095 2662 2.
1110 2624 1148 2662 3.
1240 2623 1346 2675 petit.
1391 2620 1501 2664 Flor.
