1721 2974
220 169 299 207 382
651 164 919 220 Supplemcnia
951 166 1212 206 annotationis

331 276 368 326 §.
399 279 467 317 73.
525 292 619 316 sanc
649 278 757 314 abest
785 277 833 314 ab
873 274 994 315 Amb.
1018 281 1082 327 1.‚
1120 285 1208 317 tum
1234 274 1373 316 Delum
1399 290 1470 330 pro
1506 275 1647 329 Delon,

217 345 313 383 item
338 340 462 383 Amb.
481 349 521 384 2.

326 422 362 473 §.
393 425 461 462 75.
518 420 643 458 videri
656 429 831 472 possunt.
879 418 999 460 Amb.
1025 425 1063 460 1.
1083 419 1284 469 videntur,
1316 421 1425 476 quod
1445 422 1571 474 aptius
1592 429 1650 460 est

215 488 253 525 ei
284 488 391 541 quod
422 489 600 540 sequitur
632 495 798 538 tantum,
844 496 980 527 contra
998 490 1067 542 qui
1085 498 1211 528 tamen
1226 491 1445 542 scripserat,
1478 488 1649 526 debebat

215 557 336 594 etiam
354 563 468 593 antea
488 556 589 593 velle
608 552 734 592 videri
747 565 920 607 possunt.

1226 611 1251 650 Ῐι

326 639 361 689 §.
393 641 458 677 76.
519 635 591 675 illa
628 638 677 674 iis
728 646 802 677 cet.
866 636 991 677 Amb.
1035 642 1072 678 1.
1114 637 1187 678 illa
1223 641 1384 694 —isquae
1424 635 1647 688 ‹Z-issimilia.

212 701 390 743 Fortasse
422 718 489 742 nec
518 702 622 754 illis,
664 704 800 757 quibus
829 704 974 744 similia
998 705 1126 745 videri
1150 705 1305 755 volunt,
1347 703 1562 759 applicant.

212 769 321 809 Tum
347 772 394 807 iis
419 768 546 808 Amb.
569 775 607 810 1.
633 770 706 810 his.

324 848 359 898 §.
392 852 460 887 80.
519 850 746 901 improviso.
793 847 928 888 Etiam
949 848 1076 890 Amb.
1100 855 1138 890 1.
1165 850 1410 904 improvisae.
1511 847 1650 885 excita
1706 853 1707 856 ’

208 915 306 953 item
326 912 446 954 Amb.
470 919 507 954 1.
524 915 593 954 sed
614 918 831 955 necessario
852 919 1031 957 cxciiata
1052 918 1344 970 corrigendum.

321 995 357 1043 §.
391 997 459 1031 82.
516 992 687 1046 perinde.
736 992 859 1034 Amb.
883 999 920 1034 1.
952 1010 1110 1050 quoque
1127 994 1306 1050 proinde.
1368 992 1478 1033 Tum
1504 993 1544 1031 in
1574 990 1648 1029 Ῐιοσ

208 1056 309 1097 male
332 1060 558 1098 imitantem.

320 1138 354 1189 §.
385 1141 453 1178 89.
511 1141 662 1176 nescire
683 1139 780 1178 item
807 1139 915 1179 deest
941 1142 984 1178 in
1005 1138 1131 1179 Amb.
1155 1143 1194 1179 1.

776 1299 807 1342 C
839 1315 866 1341 A
897 1316 935 1341 r.
993 1298 1079 1341 IV.

315 1394 364 1435 In
386 1395 510 1438 Amb.
536 1404 573 1439 1.
605 1402 767 1439 nullum
795 1402 991 1440 indicium
1017 1402 1116 1441 novi
1137 1402 1286 1453 capitis.

318 1477 354 1527 ξ.
385 1482 424 1517 2.
485 1477 652 1530 longior.
701 1478 823 1518 Amb.
858 1484 896 1519 1.
927 1479 1075 1531 longus.
1133 1478 1257 1518 Amb.
1290 1483 1330 1519 2.
1365 1476 1530 1531 longius.

208 1552 419 1595 raptorem.
465 1542 590 1584 Amb.
613 1550 650 1584 1.
671 1551 711 1585 2.
741 1557 963 1600 ereptorem.

316 1613 351 1661 §.
384 1614 422 1650 3.
479 1627 550 1664 per
568 1611 611 1649 id
629 1627 712 1652 ven.
762 1611 887 1652 Aan.
914 1618 950 1652 1.
980 1613 1024 1651 icl
1043 1614 1230 1666 pervenit.

313 1680 349 1728 §.
375 1681 418 1716 7.
474 1677 527 1715 acl
557 1695 664 1732 quem
695 1695 783 1719 non.
845 1679 911 1719 Ex
946 1678 1068 1719 Amb.
1102 1684 1138 1718 1.
1174 1679 1282 1717 nihil
1321 1680 1370 1717 ab
1399 1677 1474 1716 hac
1503 1676 1644 1716 eadem

200 1744 393 1796 scriptura
425 1742 526 1784 Obr.
555 1745 755 1785 diversum
789 1756 993 1796 enotatur,
1043 1747 1112 1786 sed
1145 1755 1234 1799 post
1270 1755 1312 1784 ut
1348 1742 1453 1798 quod
1485 1759 1561 1783 non
1587 1753 1644 1781 est

197 1808 302 1862 plus,

313 1877 349 1928 §.
379 1881 418 1918 8.
477 1880 517 1916 in
535 1888 661 1920 icoc-tu.
717 1879 815 1921 Obr.
837 1883 877 1920 in
897 1891 1084 1920 contemtu
1110 1870 1189 1920 ¹nec¹
1223 1881 1439 1934 quicquam
1470 1892 1555 1920 var.
1590 1890 1642 1916 ex

198 1939 321 1983 Aan.
350 1949 387 1984 1.
441 1943 574 1985 Etiam
591 1946 714 1988 Paris.
744 1953 780 1987 1.
805 1952 843 1987 3.
875 1950 913 1987 in
937 1957 1140 1987 contextu.

313 2011 349 2063 §.
383 2016 449 2052 10.
507 2014 707 2055 mehercle.
756 2013 880 2055 Amb.
914 2020 950 2054 1.
982 2013 1231 2056 mehercules.
1276 2011 1395 2054 Amb.
1422 2018 1464 2054 2.
1493 2008 1645 2051 wacker-2
1692 2007 1721 2049 .³

199 2075 297 2118 cule.

313 2146 351 2197 §.
383 2151 449 2186 12.
508 2149 643 2200 igitur.
700 2147 832 2189 EtIam
861 2147 986 2189 Amb.
1011 2155 1048 2189 1.
1071 2155 1110 2190 2.
1134 2151 1276 2203 itaque.

313 2214 350 2264 §.
385 2218 450 2254 13.
511 2226 717 2256 terrarum.
767 2216 893 2256 Amb.
926 2222 963 2256 1.
993 2216 1117 2257 Paris.
1140 2223 1177 2257 1.
1199 2223 1240 2258 2.
1266 2226 1410 2270 ‘ier-rae.

312 2281 351 2331 §.
386 2281 452 2321 14.
510 2282 662 2323 habent.
707 2282 835 2325 Amb.
860 2289 898 2324 1.
918 2284 1030 2323 habet
1044 2316 1056 2337 ,
1097 2294 1136 2325 et
1154 2286 1303 2324 factum
1322 2298 1401 2322 sec.
1419 2293 1545 2320 manu
1567 2294 1638 2333 per

197 2345 356 2399 singula
382 2347 489 2387 locos
517 2349 644 2389 habet.

311 2416 349 2464 §.
383 2419 447 2457 15.
505 2417 727 2456 viderimus.
777 2414 880 2456 Item
896 2416 1024 2458 Amb.
1048 2422 1085 2459 1.
1177 2417 1491 2472 significaverim.
1531 2411 1637 2453 Item

196 2478 323 2522 Amb.
340 2486 378 2523 1.
429 2486 665 2536 signaverim
683 2485 892 2525 traduntur
900 2483 1024 2526 Paris.
1041 2491 1078 2527 1.
1090 2491 1129 2528 2.
1147 2491 1185 2527 3.
1197 2485 1399 2534 exhibere.
1487 2483 1637 2522 ratione
1707 2529 1708 2533 Ἰ

197 2544 364 2589 ducitur.
415 2548 538 2591 Paris.
563 2556 601 2593 1.
623 2558 663 2594 2.
697 2555 798 2592 ratio
818 2551 1032 2593 deducitur.
1707 2542 1709 2550 y

308 2617 344 2668 §.
377 2621 442 2659 17.
500 2619 567 2658 sed
584 2622 664 2674 qui.
720 2618 824 2661 Item
840 2618 964 2662 Amb.
989 2625 1028 2661 1.
1060 2621 1207 2661 omittit
1224 2621 1305 2675 qui.
