1721 2974
222 197 276 235 50
656 191 929 247 Supplemenm
956 194 1218 232 annotationis

333 306 370 356 §.
399 305 466 346 44.
533 321 632 360 quae
668 320 724 345 ex
758 321 801 346 eo
837 307 874 344 εἰ
915 303 1051 344 Turio.
1093 294 1234 359 Camp.
1348 305 1390 344 Za
1424 321 1562 346 vamur
1597 330 1655 338 -

221 372 431 414 tondemur.
487 370 550 412 Ita
577 375 699 412 etiam
728 372 864 412 Turio.
894 370 1001 412 Flor.
1030 369 1155 411 Amb.
1187 378 1228 413 2.
1259 371 1398 426 Camp.
1431 372 1520 414 Par.
1545 379 1583 413 1.
1610 379 1651 415 2.

220 445 254 479 6.
293 445 361 487 (3.
393 448 433 480 et
456 441 496 480 4.
529 454 688 494 quoque
721 437 883 479 Pottier.
913 442 958 478 in
989 439 1083 480 edit.
1116 439 1291 493 adjicit.)
1328 442 1420 479 fort.
1450 439 1578 480 Amb.
1611 446 1651 481 1.

218 506 409 562 [Adjecit
447 516 566 547 notae
607 522 702 546 suae
748 505 947 560 quaedam
992 505 1203 560 Spalding.
1250 510 1295 546 in
1333 509 1458 561 praef.
1497 506 1595 548 Vol.
1631 506 1652 547 I

214 590 254 628 p.
283 571 564 625 LXXVIH.]

326 644 358 696 ς,
393 643 461 683 45.
520 639 726 694 loquantur
761 637 889 680 Amb.
925 645 964 680 1.
1007 640 1117 694 quod
1154 639 1294 693 Spald.
1332 644 1540 683 maluerat.

216 708 464 748 eruditiorum
491 710 600 749 Flor.
630 720 653 746 a
680 722 739 760 pr.
769 721 827 747 m.
859 705 1083 748 erudiorum
1109 705 1246 748 Turio.

755 862 788 905 C
819 877 915 904 ΑΒ.
982 860 1101 904 VII.

324 980 362 1029 §.
395 983 432 1017 1.
491 975 596 1031 quod
627 975 783 1017 Graeci.
840 987 879 1016 et
921 975 991 1017 Gr.
1028 976 1136 1018 Flor.
1169 991 1192 1016 a
1221 991 1279 1030 pr.
1310 990 1367 1016 m.
1405 975 1543 1017 Tul-ic.
1599 976 1651 1015 Id

216 1045 283 1085 Gr.
315 1045 441 1096 Obr.;
494 1044 564 1083 sed
591 1042 714 1086 Aan.
750 1049 789 1084 1.
828 1053 965 1084 tuetur
1005 1044 1120 1098 quod.
1235 1044 1310 1084 lzoc
1344 1054 1436 1084 ante
1465 1060 1536 1084 nos
1571 1047 1647 1085 ins.

209 1113 335 1154 Amb.
369 1117 406 1152 1.
522 1114 762 1151 nominamus
798 1115 906 1152 Flor.

323 1180 354 1233 ξ.
386 1185 426 1219 2.
485 1180 544 1218 sic
571 1180 723 1217 interim
754 1180 877 1217 etiam
903 1177 992 1218 Par.
1020 1183 1084 1230 2.3
1134 1175 1203 1216 secl
1230 1187 1394 1218 tuentur
1420 1178 1512 1220 Par.
1546 1184 1584 1219 1.
1607 1184 1644 1219 6.

211 1247 350 1300 Camp.
391 1248 471 1286 alii.
538 1244 728 1284 interdum
767 1245 863 1299 (pro
901 1245 1080 1299 interim)
1110 1244 1249 1286 Turio.
1282 1261 1305 1285 a
1334 1261 1387 1285 m..
1417 1262 1495 1286 sec.
1525 1245 1646 1286 Bodl.

207 1314 354 1355 Bahol.
385 1313 506 1354 Pafis.
529 1317 566 1352 1.
600 1312 737 1366 Camp.
769 1312 903 1354 Andr.
1017 1323 1145 1352 utrum
1183 1328 1263 1353 om.
1304 1315 1426 1354 etiam
1451 1312 1579 1353 Amb.
1605 1319 1643 1354 1.

208 1387 248 1423 2.
276 1380 399 1421 Paris.
421 1384 459 1420 5.
502 1377 614 1419 Sich.

318 1449 354 1497 §.
395 1448 434 1486 4.
499 1445 572 1485 illa
611 1455 699 1500 post
737 1458 872 1502 putav.
913 1463 992 1487 om.
1033 1447 1159 1488 Amb.
1193 1455 1230 1489 1.
1357 1459 1543 1502 exspecto
1578 1446 1645 1486 sed

207 1518 335 1554 omitt.
378 1517 499 1554 etiam
529 1512 636 1554 Flor.
676 1513 797 1554 Amb.
820 1520 860 1556 2.
894 1514 1034 1568 Camp.
1069 1514 1171 1555 Obr.
1210 1517 1300 1554 fort.
1331 1515 1457 1554 Amb.
1491 1520 1529 1555 1.

208 1591 366 1621 remota.
415 1596 469 1629 s.,
512 1595 635 1634 quam
673 1583 750 1621 hoc
786 1585 876 1622 loco
913 1585 989 1623 ins.
1030 1583 1120 1622 edd.
1168 1591 1260 1621 ante
1299 1581 1463 1635 Spald.‚
1513 1585 1640 1622 omitt.

205 1652 327 1690 etiam
352 1647 476 1688 Paris.
501 1651 539 1688 3.
563 1647 604 1689 4.
628 1652 666 1689 5.
697 1648 824 1690 Amb.
846 1656 886 1691 2.
919 1649 1020 1690 Obr.
1060 1652 1151 1689 fort.
1183 1648 1309 1689 Amb.
1335 1655 1372 1689 1.

316 1717 348 1770 ᾗ.
382 1718 420 1756 5.
479 1717 643 1770 itemque
683 1732 769 1756 cum
807 1717 960 1757 habent
998 1721 1118 1757 etiam
1149 1716 1283 1757 Turic-
1314 1717 1441 1757 Amb.
1471 1723 1509 1757 1.
1548 1716 1640 1757 Par.

206 1789 243 1825 1.
276 1788 314 1826 2.
346 1786 383 1823 6.
428 1780 568 1836 Cmnp.
681 1800 753 1838 per
781 1799 820 1838 q.
845 1801 883 1824 ιι.
907 1800 942 1824 ο.
965 1800 1017 1824 ιη.
1048 1793 1123 1823 cet.
1174 1783 1338 1824 Turia:
1375 1801 1447 1838 per
1475 1784 1581 1825 c.u5
1606 1785 1643 1822 εἰ

199 1854 378 1897 comitem
399 1866 471 1906 per
498 1865 539 1905 q.
569 1865 619 1890 ac
655 1849 753 1889 duas
787 1867 814 1889 u
840 1867 920 1905 seq.
977 1849 1110 1890 Flor.:
1146 1866 1218 1904 per
1246 1866 1282 1890 c.
1302 1868 1339 1890 ιι.
1359 1868 1412 1891 ιη.
1443 1851 1587 1905 (supra
1617 1866 1641 1890 a

199 1939 255 1964 m.
285 1937 363 1962 sec.
393 1936 429 1975 q.
458 1934 495 1957 u.
516 1932 555 1957 ο.
577 1914 660 1970 m.)
699 1919 734 1955 si
762 1920 938 1956 comitem
963 1934 1035 1972 per
1061 1933 1095 1957 c.
1127 1933 1176 1956 ac
1207 1916 1304 1956 duas
1328 1935 1353 1955 u
1373 1935 1450 1972 seq.
1509 1917 1637 1959 Amb.

203 1997 268 2031 1.:
297 2005 367 2043 per
388 2003 422 2026 c.
453 1986 514 2040 (c.
541 1992 600 2023 est
626 1999 703 2023 sec.
721 1998 855 2036 man.;
885 1987 1002 2023 tertia
1019 1999 1128 2022 man.
1159 1999 1277 2037 supra
1303 1988 1457 2038 scripsit
1487 1984 1558 2040 q.)
1605 1989 1641 2025 si

201 2058 378 2097 comitem
402 2068 473 2108 per
500 2067 539 2106 q.
570 2050 636 2105 (q.
666 2066 743 2090 sec.
772 2065 858 2103 m.;
908 2065 1026 2103 supra
1063 2066 1097 2090 c.
1131 2059 1222 2090 tert.
1256 2050 1340 2103 m.)
1371 2067 1420 2091 ac
1439 2051 1478 2091 d.
1500 2069 1538 2092 u.
1560 2061 1634 2093 cei.

202 2124 370 2176 Camp.:
405 2135 476 2175 per
507 2134 547 2172 q.
581 2116 657 2173 (ut
683 2116 773 2158 Par.
798 2119 869 2167 2.)
909 2120 946 2156 si
973 2133 1063 2156 vero
1094 2120 1270 2157 comitem
1298 2134 1370 2171 per
1395 2134 1429 2158 c.
1461 2135 1509 2158 ac
1538 2119 1637 2158 fluas

200 2195 322 2245 inseq.
379 2186 502 2229 Amb.
523 2190 564 2227 2.
603 2183 694 2225 Par.
729 2188 766 2224 6.
807 2188 926 2238 plane
966 2185 1107 2224 eadem
1135 2185 1253 2236 dant,
1296 2200 1400 2239 quae
1429 2183 1561 2225 Guelf.
1595 2196 1636 2227 et

202 2259 362 2312 Spald.3
402 2259 446 2295 in
477 2261 621 2307 poster.
651 2260 762 2305 parte
795 2255 917 2292 etiam
942 2251 1031 2293 Par.
1055 2257 1095 2292 2.
1153 2268 1224 2306 per
1253 2268 1291 2305 q.
1315 2268 1352 2291 ιι.
1375 2267 1412 2291 ο.
1432 2268 1484 2291 m.
1512 2252 1634 2293 habet

200 2329 320 2364 etiam
347 2328 436 2364 Par.
470 2328 509 2363 1.
565 2323 602 2359 si
629 2336 719 2359 vero
752 2335 868 2373 quum
892 2336 964 2374 per
992 2336 1056 2374 q.,
1095 2319 1203 2358 unde
1232 2318 1321 2358 edd.
1351 2327 1501 2359 recent.
1533 2320 1633 2358 effe-

201 2401 340 2430 cerunt
367 2405 544 2437 causam,
581 2386 671 2427 Par.
697 2391 735 2425 1.

311 2459 349 2507 §.
377 2462 416 2497 6.
473 2459 554 2508 iam
584 2456 721 2503 etiam5
760 2455 815 2491 ita
843 2461 997 2506 praeter
1018 2467 1104 2503 eos,
1133 2466 1232 2506 quos
1258 2461 1454 2492 memorat
1475 2450 1630 2506 Spald.,

200 2523 335 2563 Turio.
365 2523 471 2563 Flor.
501 2521 629 2562 Amb.
658 2525 696 2559 1.
719 2525 759 2559 2.
792 2518 912 2558 Paris.
936 2523 973 2559 1.
993 2525 1034 2560 2.
1067 2517 1205 2572 Camp.

314 2591 351 2639 §.
378 2595 416 2629 8.
473 2587 583 2628 Illud
610 2589 731 2637 enim3
768 2588 824 2624 ita
852 2588 974 2625 etiam
1001 2585 1090 2627 Par.
1112 2590 1150 2626 1.
1171 2590 1210 2626 2.
1233 2589 1269 2624 6.
1304 2583 1443 2639 Camp.
1554 2589 1630 2625 im·-

202 2658 326 2695 munis
355 2658 474 2694 etiam
503 2654 602 2697 Tur.
632 2653 736 2693 Flor.
771 2648 892 2692 Amb.
912 2656 949 2692 1.
