1721 2974
230 176 308 210 32⁴3
669 165 941 222 supplementa
971 165 1237 206 annotationis

344 285 378 336 §.
405 287 472 324 58.
529 279 679 320 (licum.
726 279 851 319 Amb.
881 284 919 319 1.
948 277 1099 318 dicant.

344 373 380 423 §.
413 376 479 413 59.
541 372 744 410 circuitum
765 367 982 423 eloquendi.
1019 366 1145 408 Amb.
1172 373 1209 407 1.
1234 368 1452 421 interponit
1471 368 1680 409 commode

232 438 437 495 quendam.

343 531 379 582 §.
412 533 479 567 61.
537 535 641 565 orat.
681 535 764 579 apt.
821 523 948 564 Amb.
991 529 1027 564 1.
1076 526 1235 565 inverso
1277 526 1489 565 verborum
1525 525 1682 566 ordine.

235 596 343 636 Tum
371 596 478 633 idem
508 608 640 631 verum
669 592 743 632 hoc
773 602 815 631 ut
842 591 989 632 decere.

1204 659 1246 689 ut

345 686 382 737 §.
416 684 481 722 64.
529 681 676 739 facere
697 698 790 736 exp.
830 680 956 722 Amb.
978 687 1014 722 1.
1023 681 1186 738 faceret
1204 707 1242 712 —-
1266 683 1528 736 emperiretur.
1570 681 1683 722 Scri-

236 753 411 793 bendum
433 765 574 790 censeo
594 767 706 805 quam
728 749 833 804 quocl
851 774 907 780 —
927 726 1193 804 experiretur,
1226 752 1281 789 sic
1302 752 1385 789 sere
1411 752 1532 789 verba
1550 752 1683 803 expli-

236 835 352 860 cans:
388 834 520 873 neque
545 819 595 856 ad
616 821 737 856 aliam
759 833 845 856 rem
874 817 990 857 Plato
1020 820 1091 856 illa
1121 826 1310 872 quattuor
1344 819 1465 857 verba
1501 820 1683 870 plurimis

235 887 360 927 modis
397 888 630 936 collocavit,
680 900 800 939 quam
844 885 951 939 quod
987 887 1253 937 experiretur,
1308 885 1490 923 ordinem
1524 899 1684 939 quoque

233 957 467 1004 verborum,
505 968 589 992 non
617 955 749 992 solum
779 953 1000 1000 delectum,
1043 955 1221 991 maxime
1242 955 1441 1006 pertinere
1463 951 1514 990 ad
1535 954 1697 991 oratio-'

232 1026 294 1062 nis
315 1024 569 1074 elegantiam.
618 1019 706 1060 Par.
730 1024 768 1060 1.
794 1036 910 1073 quam
937 1035 1018 1058 eum
1039 1036 1187 1074 quoque
1205 1022 1383 1058 macrime
1392 1018 1570 1075 faceret.

345 1113 381 1164 §.
412 1116 477 1151 65.
537 1126 624 1149 cum
643 1108 791 1147 dnobus
815 1108 957 1147 verbis.
993 1107 1118 1148 Amb.
1144 1114 1180 1148 1.
1206 1125 1291 1160 cum
1310 1110 1349 1146 in
1370 1107 1531 1148 duobus.
1569 1105 1685 1146 Idem

234 1180 405 1219 trahitur
442 1177 618 1229 longius,
675 1176 785 1230 quod
815 1190 955 1215 verum
987 1176 1168 1226 videtur,
1221 1191 1296 1216 nec
1336 1177 1530 1228 scriptura
1568 1174 1683 1214 Alm.

233 1248 380 1286 codicis
401 1246 580 1284 dissentit
602 1246 681 1283 nisi
701 1258 830 1283 errore
849 1242 1205 1297 typographorum.
1310 1254 1352 1284 ut
1373 1243 1513 1283 Anim.
1561 1240 1686 1282 Deest
1720 1233 1721 1244 ¹

234 1324 273 1353 ut
303 1317 346 1353 in
374 1312 500 1353 Alnb.
527 1316 565 1351 1.

346 1404 385 1453 §.
422 1406 489 1441 66.
549 1400 782 1439 divisionem
804 1398 899 1457 fac.
939 1410 976 1439 et
1011 1409 1185 1452 transgr.
1247 1398 1374 1440 Amb.
1416 1405 1456 1440 1.
1497 1399 1687 1440 divisione

220 1469 385 1527 ficiunt
418 1470 784 1522 transgressionem,
835 1470 999 1521 optime.
1057 1469 1233 1522 Reliqua
1258 1471 1315 1508 sic
1344 1468 1509 1508 exhibet
1533 1468 1684 1509 codex:

232 1538 290 1578 A!
322 1536 364 1576 id
388 1536 541 1591 quidem
557 1547 719 1591 propter
738 1534 842 1590 quod
859 1535 941 1574 dici
959 1545 1094 1589 tropus
1111 1536 1176 1575 sit.

348 1628 387 1677 §.
420 1631 486 1667 67.
545 1624 659 1664 multi
683 1626 962 1664 narrationem.
1010 1621 1169 1664 Locum
1188 1627 1390 1677 praeclare
1408 1628 1579 1666 restituit
1595 1627 1686 1667 cod.

231 1691 357 1734 Aan.
395 1698 459 1733 1.:
502 1693 602 1732 sicut
629 1691 742 1730 mulii
771 1693 1064 1731 existimarunt.
1123 1691 1275 1743 Longis
1309 1702 1435 1730 autem
1463 1693 1688 1747 hyperbatis

233 1773 266 1800 et
317 1759 515 1820 corfi13·is‚
574 1776 672 1813 quae
711 1760 811 1797 vitia
847 1757 1032 1798 accidunt
1073 1756 1194 1812 (fort.
1234 1758 1447 1812 accidant)
1486 1776 1557 1800 suo
1599 1759 1687 1801 loco

233 1827 426 1867 diximus.
540 1826 613 1865 Est
647 1826 742 1865 haec
769 1825 905 1865 decens
933 1827 1029 1864 veri.
1085 1823 1212 1865 Amb.
1248 1830 1286 1865 1.
1327 1825 1402 1864 Est
1430 1837 1557 1865 autem
1588 1827 1687 1868 haec

233 1895 490 1943 demensuris,
537 1894 608 1934 secl
636 1908 684 1933 ea
706 1895 828 1934 verba
861 1908 989 1947 usque
1016 1892 1069 1931 ad
1093 1894 1283 1931 mensuris
1309 1895 1461 1932 lineola
1488 1895 1686 1936 subducta

232 1971 439 2002 notantur.

347 2042 384 2091 §.
418 2045 484 2081 68.
541 2037 638 2080 Post
656 2037 823 2079 dicimus
841 2037 968 2079 Amb.
991 2041 1031 2078 1.
1054 2038 1189 2091 adjicit
1208 2047 1271 2088 ut,
1316 2040 1416 2078 item
1435 2047 1526 2092 post
1546 2038 1686 2095 imple·-

230 2111 288 2149 vit
321 2109 443 2148 habet
467 2116 518 2148 et.

343 2188 381 2239 §.
411 2191 482 2228 71.
541 2183 709 2226 Pindari
739 2197 891 2224 nomen
922 2185 1105 2222 omittere
1134 2180 1263 2223 Amb.
1292 2186 1329 2221 1.
1356 2184 1538 2238 videtur,
1576 2185 1686 2227 nihil

233 2257 344 2294 enim
362 2255 411 2294 ab
434 2252 711 2293 Obrechtiana
730 2254 926 2304 scriptura
951 2252 1154 2291 diversum
1173 2259 1434 2292 memoratur.

344 2347 382 2396 §.
412 2348 482 2383 72.
541 2339 749 2381 intervallo
768 2357 859 2381 non.
910 2337 1137 2394 Interponit
1164 2339 1289 2381 Amb.
1317 2345 1356 2381 1.
1378 2351 1518 2383 autem.
1566 2339 1683 2384 Idem

235 2420 274 2452 et
295 2413 379 2465 ipse
398 2408 594 2465 quoddam
615 2425 769 2450 novum.

343 2504 381 2553 §.
412 2504 481 2540 73.
542 2498 594 2537 Et
614 2497 733 2553 quod.
781 2496 907 2538 Amb.
928 2501 967 2537 1.
996 2497 1101 2551 quod
1125 2507 1175 2537 et.
1293 2494 1430 2538 Varro
1446 2500 1678 2553 —possim.

233 2566 358 2608 Amb.
383 2573 418 2606 1.
444 2564 564 2606 Vetto
591 2589 648 2596 —
674 2568 814 2619 possit.
876 2562 1003 2604 Vecto
1031 2564 1157 2606 Paris.
1183 2564 1223 2604 4.
1247 2567 1286 2605 5.
1350 2563 1458 2605 Vero
1490 2564 1616 2608 Paris.
1639 2571 1677 2606 1.

233 2630 281 2672 ln
301 2636 423 2673 altero
445 2647 561 2675 versu
582 2635 730 2673 omittit
747 2631 873 2673 Aan.
895 2646 1013 2673 voces
1042 2642 1172 2672 tamen
1194 2640 1235 2672 et
1257 2649 1345 2688 qua.
