1721 2974
340 226 394 267 acl
426 227 591 280 Quintil.
622 226 753 268 Instit.
784 225 819 276 Ῑ,
856 231 921 267 12.
955 228 986 280 ξ.
1023 231 1223 268 10—19.
1284 226 1343 266 ΙΙ.
1517 231 1570 268 69

107 338 161 392 II,
195 345 235 393 5,
271 346 347 382 12:
398 341 468 381 sed
495 348 632 380 tamen
661 343 807 393 miror,
858 343 923 385 cui
961 342 1035 380 ista
1064 341 1338 393 interpretatio
1370 339 1447 379 hoc
1477 343 1566 380 loco

106 411 151 448 iu
189 418 369 449 mentem
408 411 547 448 venire
585 412 774 462 potuerit,
852 406 1012 460 Quidni
1059 408 1108 447 de
1147 410 1296 447 lectore
1335 411 1399 447 sui
1437 411 1566 461 operis

107 477 212 516 dicat
222 507 234 527 ,
277 492 370 516 cum
409 476 542 516 adhuc
582 478 632 517 de
671 479 756 530 ipso
787 486 941 517 oratore
973 474 1153 516 dixerit?
1184 475 1310 515 Servo
1342 484 1448 515 certe
1478 485 1570 515 stu--

105 545 194 596 dia,
232 547 266 584 si
294 559 396 600 quae
425 554 540 596 sunt,
589 544 697 584 nihil
725 547 906 585 referunt
933 547 1012 584 nisi
1039 553 1085 584 ut
1116 543 1287 595 alamn]

221 615 255 667 §-
290 618 356 653 18.
423 630 473 653 ac
512 615 690 653 scicntia.
750 629 800 654 ac
844 629 974 653 conse.
1011 611 1121 653 Flor.
1251 622 1473 664 geometrae
1509 637 1566 642 —

103 683 266 721 musico.
321 682 558 734 geometriae
586 705 644 712 —
681 683 854 720 musicae
883 683 1004 720 etiam
1040 679 1165 721 Paris.
1192 684 1228 719 ’1.
1272 670 1413 733 (ἶᾶιηῤ.
1469 695 1567 731 geo-

104 751 264 788 metriae
291 773 348 780 --
376 751 528 788 musico
559 747 698 788 Turio.
731 746 830 802 (sed
861 750 1002 788 eadem
1022 763 1077 787 m.
1099 763 1199 788 corr.
1227 746 1424 799 musicae)
1455 745 1565 786 Flor.

101 814 212 856 Jens.
282 815 456 857 Obstaut
502 819 677 856 mutanti
712 814 840 857 Amb.
871 822 909 857 1.
946 816 1038 856 Par.
1067 821 1108 856 2.
1145 820 1206 863 6.,
1257 818 1328 869 qui
1366 823 1568 867 receptam

100 885 346 935 praeferunt.
464 895 680 925 conterunt.
751 895 1002 924 conteruntur
1038 882 1148 924 FIor.
1187 881 1314 922 Amb.
1346 888 1383 922 1.
1424 881 1566 935 Camp.

101 953 276 1004 optime,
316 966 371 991 ne
401 954 650 1003 subjectum,
701 953 811 1007 quod
840 954 1090 1005 grammafici
1117 952 1248 991 dicere
1278 953 1433 1002 solent,
1474 965 1568 988 mu-

100 1026 220 1058 tetur.
304 1018 445 1077 [Scite
485 1019 746 1073 Spaldingius
785 1019 1022 1061 Ciceronem
1060 1022 1193 1072 ipsum
1232 1034 1303 1072 pro
1343 1017 1500 1059 Archia
1542 1023 1566 1057 6

101 1083 359 1136 Quintiliano
390 1087 434 1127 h.
465 1090 494 1128 l.
526 1091 781 1127 obversatum
810 1103 893 1127 esse
926 1084 1251 1139 animadvertit]

215 1155 249 1207 ξ.
284 1159 350 1196 19.
411 1156 485 1195 hoc
502 1155 765 1210 providentia.
811 1172 958 1211 quoque
978 1157 1118 1195 inserit
1134 1153 1261 1195 Aan.
1288 1159 1325 1194 1.
1429 1164 1565 1196 sumet.

101 1232 228 1261 sumat
256 1220 383 1262 Amb.
408 1228 446 1262 1.

663 1651 845 1697 L113.
917 1650 986 1695 II.

99 1741 238 1812 Solus
282 1760 410 1801 Amb.
442 1767 480 1802 1.
530 1765 650 1815 plene
691 1763 896 1802 inscribit:
952 1761 1120 1813 Quando
1163 1761 1311 1801 rhetori
1349 1761 1563 1803 tradendus

96 1833 148 1870 sit
174 1846 272 1885 puer
309 1829 474 1883 (Turio.
504 1828 631 1870 Amb.
661 1837 703 1871 2.
743 1833 815 1885 qui
845 1845 939 1870 cum
968 1832 1108 1869 ceteris
1137 1832 1402 1883 interponunt
1429 1833 1566 1870 rubri-

96 1913 185 1948 cas,
226 1900 276 1936 sit
308 1897 442 1951 irad.,·
479 1897 590 1938 Flor.
623 1914 719 1939 cum
744 1897 874 1939 Amb.
905 1899 1047 1951 facit).
1107 1898 1170 1936 De
1195 1899 1369 1938 moribus
1404 1910 1439 1937 et
1470 1899 1563 1955 offi-

98 1968 170 2004 ciis
196 1968 478 2019 praeceptoris.
536 1966 607 2006 ,An
633 1969 813 2021 protinus
840 1977 1094 2022 praeceptore
1124 1969 1268 2023 optimo
1296 1969 1347 2006 sit
1366 1967 1562 2007 utendum.

98 2033 159 2071 Dc
185 2035 324 2086 primis
355 2033 461 2086 apud
491 2033 683 2073 rhetorem
713 2035 1080 2075 exercitationibus.
1140 2034 1205 2073 De
1235 2034 1399 2074 lectione
1423 2046 1562 2075 orato·-

97 2117 182 2139 rum
221 2110 256 2138 ct
294 2099 571 2140 historicorum
610 2101 762 2154 (Amb.
795 2108 836 2143 2.
879 2101 1163 2155 historiarum)
1205 2102 1314 2157 apud
1353 2103 1558 2142 rhetorem.

98 2169 177 2219 Qui
210 2169 333 2222 primi
361 2167 526 2220 legendi.
587 2168 722 2222 (Haec
753 2185 892 2210 omnes
924 2170 1041 2210 codd.
1071 2173 1255 2209 inserunt
1284 2180 1377 2210 aute
1408 2185 1494 2223 cap.
1532 2175 1557 2210 5

94 2238 132 2286 §.
169 2233 276 2287 18.).
347 2236 409 2274 De
449 2235 639 2275 divisione
679 2246 714 2275 et
749 2237 1020 2290 par-enchircsi
1059 2236 1222 2292 (Turio.
1262 2237 1373 2278 Flor.
1417 2236 1555 2279 Guelf.

91 2295 218 2344 Ajnb.
250 2310 290 2343 2.
327 2304 661 2358 par-cachirensi).
733 2304 796 2343 De
835 2304 1044 2345 ediscendo
1085 2303 1213 2360 (disc.
1243 2304 1428 2358 Tul-im).
1486 2306 1557 2346 An

91 2371 301 2412 secundum
340 2374 402 2411 sui
439 2374 597 2426 quisque
632 2374 779 2425 ingenii
817 2383 1001 2412 naturam
1038 2372 1234 2412 docendus
1263 2377 1314 2414 sit
1354 2372 1471 2429 (doc.
1501 2376 1554 2413 sit

93 2451 174 2479 na!-
205 2437 349 2491 Tur.)
416 2439 480 2478 De
510 2439 649 2496 officio
681 2439 976 2494 discipulorum.
1048 2440 1111 2480 De
1139 2442 1308 2482 ulilitate
1336 2453 1373 2481 et
1403 2444 1553 2481 ratione

92 2507 354 2548 declamandi.
410 2509 482 2547 An
519 2511 619 2548 artis
657 2511 881 2550 neccssaria
916 2511 1091 2562 cognilio
1129 2508 1282 2562 (Goth.
1314 2511 1427 2550 addit
1454 2510 1548 2563 sit).

92 2576 226 2628 Quare
254 2576 439 2616 ineruditi
467 2579 747 2630 ingeniosior-cs
779 2575 894 2630 vulgo
926 2577 1155 2618 habeantur.
1218 2579 1315 2629 Quis
1339 2578 1477 2618 modus
1508 2581 1549 2618 in

90 2654 175 2683 arie
205 2641 359 2699 (Amb.
380 2651 421 2686 2.
455 2645 534 2698 Qui
546 2644 575 2700 ).
634 2646 792 2685 Divisio
812 2647 928 2685 totius
953 2649 1093 2700 operis.
1154 2644 1237 2699 (lta
1258 2647 1373 2686 codd.
1395 2655 1434 2686 et
1452 2646 1544 2686 edd.

89 2720 182 2753 ante
229 2711 384 2765 Colin.‚
437 2717 505 2769 quj
543 2716 694 2770 primus
733 2729 820 2768 cap.
855 2715 906 2755 14
936 2717 1158 2769 inscripsit:
1205 2713 1435 2761 Rhetorica
1464 2724 1547 2768 cly-
