1721 2974
69 161 150 199 414
510 156 782 214 Supplementa
810 157 1072 196 annotationis

69 272 214 324 ingenii
237 284 288 309 ex
306 273 536 324 praegressis
551 303 561 322 ,
598 285 682 310 non
704 283 882 322 repugno
899 299 910 320 ,
940 272 974 308 si
994 271 1095 321 viri,
1125 271 1196 309 vix
1222 271 1350 318 ferm]
1394 288 1399 293 ·
1436 285 1512 310 ez·-

69 338 182 380 cedit.
221 336 290 378 Sic
309 337 399 379 Par.
422 344 462 379 2.
522 340 692 383 excessit
722 335 814 376 Par.
838 341 876 376 1.

179 411 216 460 §.
247 406 315 446 51.
374 405 507 445 simili.
547 404 636 444 Par.
663 409 699 443 1.
724 410 763 444 2.
793 402 952 444 similis.

180 477 217 527 §.
250 479 316 515 52.
377 472 600 526 levitasque.
650 470 740 511 Par.
779 475 818 510 1.
849 477 890 511 2.
924 470 1104 526 lenitasq.
1192 470 1395 526 daturque.
1445 469 1514 512 Sic

65 543 154 585 Par.
179 548 217 583 1.
277 541 393 580 (latur
422 539 512 579 Par.
535 544 575 579 2.

181 612 218 661 §.
251 613 317 650 53.
377 606 465 659 [De
494 621 614 645 sensu
642 608 857 646 verborum
880 610 1092 662 proximus
1123 616 1161 646 et
1179 606 1368 646 secundus
1389 621 1516 660 expo-

64 694 165 720 nens
194 675 450 717 Frotscherus
481 683 521 713 et
547 673 789 714 Buttmanni
818 678 1039 715 sententiae
1069 674 1137 727 (in
1155 673 1296 728 Add.)
1328 675 1516 713 accedens

66 748 237 787 conferri
263 745 373 794 jussit
399 741 597 795 Nepotem
625 745 670 781 in
699 746 781 783 vita
810 742 1026 796 Pelopidae
1057 744 1083 782 4
1116 743 1294 796 Denique
1323 740 1517 797 haecfuit

67 814 192 854 altera
209 826 376 865 persona
400 810 568 858 Thebis,
608 810 676 848 secl
701 822 829 849 tamen
856 811 1025 850 secunda
1043 813 1121 860 ita,
1153 821 1195 849 ut
1209 812 1404 864 proxima
1422 818 1519 847 esset

65 878 376 935 Epaminondae,
409 879 461 917 ad
482 893 616 933 eumq.
638 881 775 918 locum
795 877 1003 918 Bremium
1022 879 1258 918 laudantem
1278 879 1384 916 infra
1406 877 1518 927 §.86

65 947 239 989 Domitii
258 944 352 985 Afri
370 947 506 986 verba.
522 945 538 998 ]
1408 991 1410 993 ‚

180 1016 217 1064 §.
251 1015 317 1054 54.
381 1012 595 1068 Panyasin.
636 1013 703 1054 Sic
723 1014 811 1054 Par.
831 1020 871 1056 2.
896 1030 972 1054 sec.
993 1029 1049 1053 m.
1109 1013 1318 1053 Panesium
1353 1011 1445 1052 Par.
1479 1016 1516 1050 1.

66 1082 175 1136 [Pro
195 1084 305 1133 vulg.
328 1080 476 1133 judices
497 1079 660 1122 Geelius
684 1085 782 1122 bibl.
807 1085 891 1122 crit.
912 1097 1018 1121 nova
1038 1081 1136 1122 Vol.
1157 1079 1221 1119 III
1247 1096 1287 1133 p.
1310 1084 1391 1121 276
1421 1093 1520 1118 con-

63 1153 157 1202 jecit
176 1149 396 1201 legendum
417 1165 498 1189 esse
511 1149 678 1204 judicio,
699 1151 900 1205 siquidem
917 1153 1007 1189 illos
1027 1151 1306 1202 grammaticos
1320 1149 1522 1187 delectum

66 1221 189 1258 etiam
210 1232 347 1269 prosae
369 1220 558 1257 orationis
584 1221 821 1271 scriptorum
841 1221 964 1271 egisse
986 1216 1144 1271 putat]

180 1286 215 1336 ξ.
249 1289 314 1325 55.
375 1284 470 1325 null.
492 1286 567 1342 (ff
610 1284 677 1326 Sic
706 1285 797 1326 Par.
825 1291 863 1326 1.
885 1291 924 1326 2.
1012 1284 1123 1324 nulla
1143 1287 1289 1338 cujusq.
1334 1281 1402 1323 Sic
1429 1281 1520 1322 Par.

68 1359 106 1394 1.
138 1358 179 1393 2.

181 1421 214 1472 §.
251 1423 318 1459 56.
380 1417 556 1471 Euphor.
580 1432 706 1456 trans-
760 1421 851 1457 Pur.
881 1428 918 1460 1.
937 1428 978 1463 2.
1008 1425 1128 1462 inser.
1146 1420 1327 1479 flustra.
1417 1417 1525 1471 Tyr-

66 1501 207 1529 taeum.
246 1486 337 1526 Par.
364 1491 400 1525 1.
424 1490 462 1525 2.
485 1484 713 1524 Dircaeum.

181 1557 218 1607 ᾗ.
250 1559 316 1595 58.
380 1552 497 1605 Quod
527 1554 580 1592 in.
632 1551 700 1592 Sic
720 1551 810 1592 Par.
839 1557 875 1591 1.
902 1557 942 1592 2.

178 1624 215 1673 §.
251 1627 317 1662 59.
377 1620 466 1659 duc.
489 1619 610 1659 color.
650 1619 718 1659 Sic
737 1619 828 1659 Par.
853 1625 892 1659 2.
909 1651 918 1669 ‚
962 1618 1032 1658 sed
1053 1617 1146 1658 Par.
1170 1623 1207 1657 1.
1227 1619 1348 1670 inser.
1369 1629 1441 1656 est.

69 1691 122 1732 acl
140 1689 232 1739 ἕξιν.
270 1688 360 1729 Par.
387 1693 425 1727 1.
450 1686 504 1725 αᾶ
526 1689 691 1726 exitum.
751 1685 842 1725 Par.
862 1692 900 1726 2.
923 1685 976 1723 aci
997 1686 1107 1725 haec.

180 1762 216 1811 ᾗ.
252 1761 318 1797 60.
378 1770 583 1809 quoquam.
627 1752 716 1793 Par.
752 1758 788 1792 1.
812 1759 850 1793 2.
880 1753 1049 1808 quidem.
1109 1749 1354 1807 [Genslerus
1383 1753 1527 1792 maluit

69 1825 298 1881 quandoque
312 1855 321 1875 ‚
363 1821 620 1862 Frotscherus
641 1820 877 1875 quonclam.]

182 1897 219 1947 §.
252 1897 320 1932 62.
378 1889 660 1929 Stesichorum.
698 1887 789 1928 Par.
815 1894 853 1928 1.
876 1888 1150 1927 Thersicorus.
1206 1885 1295 1927 Par.
1316 1892 1357 1927 2.
1377 1884 1528 1925 Stersi-

70 1978 198 2003 corus.
286 1969 484 2000 canentem
512 1981 569 1987 —
596 1958 856 1997 sustinentem.
902 1954 992 1996 Par.
1019 1959 1056 1995 1.
1079 1961 1117 1995 2.
1152 1965 1312 1995 canente
1329 1978 1386 1986 -
1405 1956 1527 1993 susti-

70 2041 191 2069 neme.

184 2097 217 2149 §.
251 2100 316 2136 63.
378 2109 469 2148 qua.
511 2090 579 2132 Sic
599 2090 689 2132 Par.
711 2097 751 2132 2.
772 2106 849 2131 sec.
869 2105 925 2130 m.
950 2092 1040 2144 quia
1058 2089 1149 2130 Par.
1174 2095 1214 2130 1.
1300 2091 1523 2129 insectatus.

68 2164 137 2206 Sic
157 2164 248 2205 Par.
273 2168 310 2203 1.
331 2168 370 2203 2.
453 2159 641 2215 plerumq.
688 2158 778 2200 Par.
810 2164 848 2199 1.
881 2169 917 2196 et
932 2157 1156 2212 plurimum.
1214 2156 1306 2198 Par.
1329 2163 1371 2198 2.
1397 2156 1526 2211 pluri-⁶

69 2250 185 2273 mum.
248 2229 437 2284 [Sarpius
460 2226 628 2280 Quaest.
649 2242 690 2280 p.
714 2231 766 2268 57
789 2229 957 2278 conjecit
985 2225 1053 2264 secl
1071 2225 1285 2264 Anacreon
1306 2223 1418 2275 lusit,
1455 2223 1526 2263 sed

69 2304 154 2354 ipse
183 2300 296 2339 haud
341 2299 461 2338 dubie
499 2297 628 2335 illusit
657 2297 852 2348 scriptori.
924 2292 1032 2334 Nam
1065 2295 1256 2332 amatorio
1290 2294 1355 2331 isti
1382 2295 1525 2344 po'e'tae

69 2371 204 2407 nullus
223 2381 380 2420 prorsus
402 2364 508 2418 apud
529 2361 835 2414 Quintilianum
854 2365 962 2402 locus
985 2370 1056 2400 est.
1103 2360 1210 2400 Nam
1229 2362 1363 2399 statim
1382 2361 1525 2413 aliquis

73 2439 195 2475 etiam
214 2434 378 2488 Sappho
398 2433 634 2486 poposcerit.
693 2428 757 2469 De
788 2433 944 2484 reliquo
975 2429 1078 2468 mihi
1102 2428 1267 2483 quidem
1283 2426 1374 2465 satis
1394 2428 1527 2479 placet

72 2502 365 2543 Vossianorum
387 2501 572 2540 codicum
595 2500 788 2551 scriptura
805 2515 896 2537 nam
917 2508 952 2536 et
974 2496 1088 2545 lusit,
1118 2499 1145 2535 i.
1170 2511 1204 2534 e.
1228 2491 1493 2548 aliquand0.]

187 2571 225 2620 §.
257 2576 323 2611 65.
382 2565 633 2608 insectandis.
689 2563 757 2605 Sic
789 2564 879 2605 Par.
904 2570 942 2605 1.
963 2570 1006 2605 2.
1076 2562 1295 2617 [Wolffius
1323 2560 1525 2600 sanandae

75 2638 378 2678 constructionis
402 2650 519 2676 causa
535 2648 607 2687 pro
628 2635 700 2672 etsi
717 2643 772 2672 est
789 2641 894 2673 recte
914 2632 1071 2673 videtur
1090 2632 1301 2682 conjecisse
1320 2638 1398 2681 est,
1431 2627 1500 2680 eu]
