1721 2974
210 174 290 211 370
662 167 932 222 Supplcmenta
960 169 1225 223 annotationis

325 284 360 334 ξ.
393 281 458 320 34.
518 290 583 319 aui
605 283 678 318 vir.
727 278 833 319 Flor.
858 276 983 318 Amb.
1008 296 1072 319 an.

328 349 363 398 §.
394 352 460 387 35.
507 346 615 401 fides
642 347 853 398 praestari.
903 345 1009 384 Flor.
1029 346 1155 386 Amb.
1173 345 1301 401 fidem
1330 355 1549 401 praestare,
1579 345 1649 384 sed

214 416 258 454 in
278 413 402 454 Amb.
434 429 455 452 a
476 430 534 466 pr.
555 428 611 451 m.
631 411 741 466 fide,
780 414 929 451 lineola
958 427 1061 466 quae
1090 431 1127 452 m
1156 417 1330 453 litteram
1357 416 1570 466 significet,
1600 415 1648 451 ab

214 484 351 521 altera.
456 490 618 517 cvr-nius.
669 478 795 518 Aan.
817 490 998 520 eventum.
1096 497 1193 534 quae
1222 484 1324 520 sicut
1343 483 1386 518 in
1406 479 1504 520 Tur.
1525 483 1650 518 inter-

214 551 376 601 ponitur
405 548 523 585 etiam
553 548 597 583 in
624 544 731 585 Flor.
762 554 800 585 et
831 548 922 585 fort.
952 545 1078 587 Amb.
1110 548 1179 587 sed
1209 562 1280 600 pro
1307 550 1424 587 etiam
1455 546 1650 587 Obrechti

215 615 341 656 Aan.
369 615 489 652 habet
511 628 613 652 nam.

327 681 362 730 §.
395 684 460 718 36.
515 682 654 734 scripti
680 682 801 719 etiam
820 680 927 720 Flor.
949 677 1073 719 Amb.
1101 679 1171 718 sed
1188 688 1275 734 post
1295 681 1521 733 inscriptum
1542 677 1651 718 Flor.

215 747 324 789 Vide
357 744 565 798 Spalding.
596 749 717 798 praef.
745 746 840 786 Vol.
871 745 936 787 IV
960 761 1049 800 pag.
1078 745 1156 786 XI.
1269 746 1354 787 alii.
1401 746 1507 786 Flor.
1527 744 1651 789 Amb.

214 814 332 855 aliae.
445 823 485 851 ut
507 816 547 851 in
564 813 668 867 cho
692 816 769 868 qui.
816 813 922 853 Flor.
945 824 986 852 at
1007 816 1047 852 in
1066 830 1124 853 co.
1159 812 1284 854 Amb.
1305 829 1459 867 prorsus
1479 821 1523 852 ut
1542 827 1652 851 nunc

215 882 363 920 editur.
430 878 668 931 [Schiitzius
703 883 745 919 in
776 881 867 921 diss.
899 896 935 920 a.
967 885 1073 921 1818
1105 895 1195 934 pag.
1229 886 1307 922 27:
1361 880 1497 932 „Sine
1530 880 1652 918 dubio

214 948 455 1001 legelldmn:
498 950 679 1000 quoniam
704 947 775 986 alii
802 965 843 986 re
876 950 1051 987 nuntiata
1068 950 1191 1003 fiunt.
1249 948 1316 989 SIC
1334 948 1457 998 Hejus
1476 945 1654 986 RIamer-

213 1017 344 1064 tinus,
384 1016 492 1065 cujus
519 1029 539 1052 e
567 1018 732 1054 sacrario
760 1018 872 1067 signa
903 1014 1049 1055 Verres
1078 1018 1313 1063 abstulerat,
1349 1024 1486 1054 tamen
1512 1015 1652 1052 missus

217 1091 302 1120 erat
329 1080 504 1120 Romam
529 1083 682 1133 legatus
711 1083 762 1121 acl
789 1081 963 1121 Verrem
994 1085 1152 1136 publice
1178 1083 1439 1122 laudandum.
1510 1078 1652 1134 Itaque

215 1150 334 1199 fecit3
382 1151 540 1200 publice
567 1150 746 1188 laudavit
775 1148 969 1201 Verremz,
1015 1152 1072 1189 ita
1111 1152 1220 1187 enim
1257 1149 1494 1188 mandatum
1533 1156 1653 1201 atque

214 1217 455 1268 imperatum
476 1224 571 1254 erat.
629 1214 710 1255 Sed
729 1225 886 1268 peracta
904 1216 980 1255 hac
1000 1217 1230 1256 laudatione
1248 1231 1333 1255 non
1355 1218 1523 1268 amplius
1542 1215 1654 1266 lega-

215 1292 304 1322 tum
322 1297 363 1320 se
384 1285 568 1335 putabat,
612 1284 682 1322 sed
713 1283 812 1321 alius
839 1285 991 1333 factus,
1029 1286 1058 1323 i.
1087 1299 1120 1323 e.
1151 1286 1350 1336 privatus,
1387 1284 1574 1335 privatim
1603 1281 1655 1320 ad

216 1351 365 1401 judices
396 1351 598 1401 confugit,
649 1351 826 1404 dixitque
855 1366 896 1389 se
925 1366 1035 1390 sacra
1066 1353 1261 1401 majorum
1288 1363 1450 1389 suorum
1475 1363 1498 1387 a
1524 1347 1654 1388 Verre

215 1417 446 1469 repetere.“
503 1415 825 1470 Diremptionem
847 1420 958 1457 verbi
984 1417 1242 1457 renunciando
1270 1418 1387 1455 facile
1413 1417 1654 1468 probaveris,

215 1492 346 1523 cetera
367 1484 510 1532 dubia,
550 1499 682 1538 neque
705 1487 814 1523 enim
834 1493 943 1538 patet
972 1500 1050 1539 quo
1070 1487 1261 1524 reseratur
1283 1483 1374 1531 alii,
1421 1497 1513 1522 cum
1538 1496 1655 1535 prae-

217 1552 374 1589 cesserit
398 1553 607 1602 singularis
637 1566 839 1591 numerus.
895 1550 1075 1592 Fortasse
1107 1554 1289 1606 quoniam
1307 1550 1456 1590 alienae
1479 1565 1538 1588 res
1555 1564 1654 1587 nun-

215 1616 373 1656 tiandae
396 1619 519 1669 sunu]

330 1695 365 1746 ξ.
404 1699 471 1734 37.
530 1694 648 1734 mille.
705 1694 826 1734 Amb.
857 1695 971 1745 illae,
1026 1697 1190 1748 optime.
1313 1693 1469 1734 laeserit
1496 1710 1547 1733 an
1578 1710 1653 1733 non

216 1764 337 1802 etiam
365 1760 487 1800 Amb.
517 1760 624 1802 Flor.

328 1841 363 1892 §.
396 1845 463 1880 39.
523 1840 719 1879 voluntate
749 1843 856 1880 abest
885 1844 932 1880 ab
962 1839 1089 1880 Amb.
1121 1838 1295 1879 ethlor.

328 1918 361 1970 §a
387 1919 453 1958 40·
512 1934 579 1957 nec
601 1935 814 1957 comtnunc‘s
836 1930 922 1957 sunt
945 1935 1087 1958 carum·
1126 1916 1250 1956 Aan·
1270 1917 1417 1969 OPfime
1439 1931 1507 1955 nec
1525 1932 1653 1956 omne-9

214 2000 360 2023 earum.
475 1984 651 2025 Flavum.
715 1984 746 2024 F
750 1989 822 2026 lor.
858 1986 1035 2026 Flavom.
1091 1984 1158 2024 Ex
1188 1983 1316 2024 Aan.
1350 1983 1455 2023 nihil
1476 1992 1648 2025 notatur.

213 2051 416 2104 (Flavium
437 2051 539 2093 Obr.
555 2052 570 2106 )
651 2056 786 2093 merito
809 2056 918 2093 abest
940 2056 988 2093 ab
1007 2051 1130 2093 Amb.
1149 2050 1256 2091 Flor.

324 2132 359 2182 ᾗ.
389 2132 457 2170 41.
508 2130 730 2186 plerumque
757 2135 885 2185 priore
906 2135 995 2172 loco
1015 2134 1122 2170 abest
1141 2132 1187 2168 ab
1209 2127 1334 2168 Amb.
1364 2128 1432 2167 sed
1447 2129 1590 2180 legitur
1606 2130 1650 2167 in

213 2195 245 2235 F
247 2199 318 2255 lor.
337 2200 436 2237 sicut
455 2200 498 2237 in
522 2197 659 2238 Turic.
681 2201 881 2241 mendose.
939 2198 1052 2240 Ordo
1079 2198 1214 2238 verbb.
1247 2197 1316 2249 qui
1335 2196 1441 2248 apud
1460 2194 1650 2248 Spaldin-

211 2266 334 2315 gium,
363 2273 420 2303 est
439 2267 559 2304 etiam
581 2268 625 2304 in
648 2265 841 2308 Obrecht,
865 2267 958 2307 edit.
981 2275 1020 2306 et
1039 2266 1153 2306 codd.
1175 2263 1283 2303 Flor.
1307 2260 1429 2302 Aan.
1513 2261 1648 2302 cidem.

212 2329 320 2370 Flor.
350 2333 452 2371 item.

322 2409 356 2460 §.
390 2409 457 2449 42.
515 2411 555 2448 in
575 2409 716 2451 decem.
767 2411 834 2453 Sic
864 2415 973 2453 Flor.
1012 2410 1082 2451 sed
1112 2407 1235 2449 Amb.
1258 2407 1305 2447 de
1323 2405 1474 2457 decem,
1511 2407 1582 2446 sed
1600 2405 1648 2445 de

208 2489 300 2514 cum
321 2478 470 2515 lineola
487 2479 591 2516 infra
611 2479 743 2520 ducta.
829 2496 907 2521 nec.
956 2479 1022 2520 Ex
1039 2476 1163 2518 Amb.
1185 2474 1292 2530 (non)
1324 2477 1390 2516 vel
1411 2473 1520 2515 Flor.
1542 2472 1646 2530 (nec)

206 2542 312 2582 nihil
339 2546 536 2584 varietatis
560 2554 735 2586 notatur.

313 2623 350 2671 §.
380 2620 449 2661 43.
509 2638 596 2660 num
614 2640 676 2677 pr.
727 2624 851 2667 Amb.
870 2639 936 2664 an.
