1721 2974
184 185 238 222 52
611 173 884 231 supplementa
922 173 1187 213 annotationis

186 292 295 333 Flor.
334 287 430 345 (hio
467 296 667 342 praeterea
704 291 778 327 ins.
818 297 852 325 et
866 285 898 341 ).
1011 294 1047 323 et
1085 284 1146 324 lzis
1184 282 1305 324 simil.
1344 283 1480 326 Turio.
1510 284 1620 325 Flor.

185 357 311 399 Amb.
335 361 374 407 1,
412 355 532 397 Bodl.
573 354 711 408 Camp.
749 354 881 393 Andr.
942 353 1057 405 [11011
1083 355 1214 404 male,
1255 353 1336 393 vid.
1367 350 1421 401 II,
1453 358 1520 404 10,
1553 352 1621 391 14.

187 424 241 478 Π,
273 430 340 475 17,
370 425 411 464 4.
441 423 571 465 Praef.
601 421 698 462 Vol.
722 419 743 460 Ῑ
770 436 810 473 p.
830 416 1110 471 LXXVIII.]

302 492 340 542 §.
372 495 439 532 17.
498 507 614 546 quam
643 506 717 529 non
745 505 779 528 s.
838 488 928 541 quia
957 502 1032 525 non
1060 503 1093 526 s.
1127 486 1263 527 Turio.
1302 484 1451 526 Baliol.
1482 484 1622 537 Camp.

187 558 321 600 Andr.
434 559 474 597 in
513 560 584 596 iris
622 555 809 611 syllabas,
865 553 972 592 Huic
1010 555 1174 593 lectioni
1212 555 1362 594 accedit
1399 552 1534 593 Flor.:
1583 554 1624 590 in

188 623 448 680 trissyllabas.
504 623 627 665 Paris.
662 628 700 662 1.
731 626 770 661 3.
800 620 840 660 4.
873 623 912 660 5.
954 629 1084 673 aperte
1114 623 1188 659 tris
1214 620 1387 675 syllabas
1414 621 1624 660 traduntur

188 694 351 735 habere.
405 690 530 731 Amb.
560 696 601 731 2.
633 688 735 729 Obr.
764 690 855 726 fort.
884 685 1011 726 Amb.
1045 692 1082 726 1.
1114 689 1155 725 in
1183 687 1423 741 trisyllabus.
1479 689 1521 725 in.
1548 688 1624 724 iri-

188 759 349 816 syllabis
386 757 509 799 Paris,
544 761 585 797 2.
618 759 657 796 6.
695 755 804 796 Jens.
847 762 893 793 ut
929 757 1142 807 pleraeque
1172 754 1263 793 edd.
1325 757 1425 793 inter
1453 753 1626 809 syllabas

190 827 332 879 Camp.
440 822 639 862 desideret.
698 820 932 861 desideraret
967 819 1094 860 Amb.
1122 825 1160 862 1.
1199 819 1337 861 Turio.
1367 819 1488 861 Bodl.
1516 819 1548 859 F
1552 823 1626 859 lor.

190 909 215 934 a
239 908 296 933 m.
325 906 405 932 sec.
435 888 654 928 desiderant
682 887 790 928 Flor.
821 901 844 927 a
871 903 932 940 pr.
962 902 1018 927 m.

301 960 336 1013 ᾗ.
369 962 434 997 18.
491 956 551 997 Αι
580 954 668 1011 syll.
724 954 789 995 Ae
817 954 904 1010 syll.
935 954 1072 995 Turio.
1102 953 1211 995 Flor.
1240 954 1365 995 Amb.
1391 959 1429 995 1.
1488 955 1626 1008 [quod

188 1025 475 1070 restituendum
502 1023 681 1071 videtur,
727 1025 918 1077 quoniam
940 1023 988 1061 de
1007 1020 1160 1062 Latinis
1181 1026 1309 1063 verbis
1331 1022 1454 1073 dicit]
1486 1022 1626 1075 Camp-

189 1110 235 1135 αε
262 1092 387 1134 Amb.
405 1097 446 1132 2.
504 1105 553 1130 ac
582 1088 695 1130 Sich.
753 1087 815 1130 Cf.
845 1091 968 1142 praef.
999 1089 1096 1129 Vol.
1119 1088 1139 1128 I
1166 1106 1206 1143 p.
1231 1087 1512 1140 LXXVIII]

188 1162 273 1202 dat.
299 1159 361 1199 vel
383 1175 472 1213 gen.
500 1155 625 1197 Amb.
650 1161 689 1197 1.
720 1171 743 1195 a
770 1172 830 1211 pr.
851 1172 908 1197 m.
927 1172 1007 1197 om.
1029 1156 1111 1196 dat.
1135 1156 1221 1208 vel5
1264 1159 1315 1196 01.
1336 1171 1391 1196 m.
1416 1171 1514 1196 corr.
1537 1173 1626 1209 gen.

187 1227 251 1268 vel
277 1227 360 1267 clai.
472 1226 590 1279 aquai
628 1227 749 1264 etiam
784 1224 893 1264 Flor.
922 1221 1048 1263 Amb.
1073 1227 1111 1264 1.
1141 1223 1264 1264 Paris.
1290 1224 1330 1263 4.
1354 1227 1393 1264 5.
1417 1227 1456 1264 6.
1487 1221 1626 1277 Camp.
1682 1259 1690 1264 ,

189 1294 347 1350 Gryph.
377 1292 505 1333 Stoer.
537 1290 707 1331 Chouet.
738 1290 850 1331 Sich.
887 1293 931 1329 111
960 1305 1085 1343 marg.

300 1362 335 1414 ξ,
363 1364 431 1401 19.
484 1356 534 1396 In
562 1357 714 1397 iisdem.
773 1357 875 1398 Obr.
915 1357 1039 1396 Iidem
1076 1360 1136 1406 in,
1186 1367 1231 1397 ut
1268 1356 1377 1398 Flor.
1413 1371 1435 1396 a
1463 1373 1541 1398 sec.
1569 1373 1626 1399 m.

189 1425 297 1484 (11151
325 1426 433 1481 quod
452 1425 519 1463 hic
538 1423 688 1477 Idem).
745 1422 965 1477 Receptam
993 1433 1125 1464 tuetur
1152 1423 1277 1464 Amb.
1305 1430 1344 1465 1.
1453 1425 1630 1479 pluralia

188 1493 326 1534 Turio.
356 1491 463 1531 Flor.
493 1488 617 1530 Amb.
642 1495 680 1530 1.
711 1505 734 1529 a
751 1506 807 1531 m.
826 1507 905 1530 sec.
935 1490 1142 1532 Almelov.
1256 1492 1316 1530 lzis
1345 1490 1480 1546 Syllae
1508 1497 1628 1532 etiam

188 1559 299 1601 Jens.
327 1557 451 1599 Paris.
484 1562 521 1597 1.
544 1563 585 1598 2.
613 1555 738 1598 Aan.
766 1564 808 1599 2.
866 1560 907 1596 in
936 1558 996 1597 his
1025 1557 1159 1612 *Syllae
1189 1557 1291 1599 Obr.
1349 1561 1389 1598 in
1417 1559 1477 1599 his
1506 1561 1629 1616 sylla-

190 1628 262 1667 bae
296 1625 434 1665 Turio.
473 1639 496 1663 a
538 1639 616 1665 sec.
655 1639 712 1664 111.
755 1623 903 1678 (30111Ρ.
953 1625 1014 1663 his
1043 1625 1216 1680 syllabae
1242 1625 1352 1665 Flor.
1409 1625 1628 1680 Receptam

190 1694 288 1732 dant
313 1691 438 1732 Amb.
459 1695 497 1732 1.
527 1690 635 1731 Flor.
667 1706 690 1730 a
710 1707 788 1731 sec.
808 1707 865 1731 m.
979 1691 1053 1730 Est
1081 1694 1135 1732 in.
1194 1692 1266 1732 Est
1289 1704 1322 1731 et
1342 1696 1382 1732 in
1399 1693 1507 1735 Flor.
1531 1710 1553 1734 a
1570 1710 1628 1736 m.

188 1775 269 1800 sec.
299 1757 437 1811 Camp.
496 1757 548 1797 Et
578 1761 619 1797 in
649 1757 754 1812 (om.
783 1756 883 1812 Est)
912 1757 1049 1798 Turio.
1069 1757 1185 1799 AJJn.
1299 1761 1448 1802 credat.
1507 1762 1630 1802 creclit

188 1826 298 1867 Flor.
353 1823 480 1865 credet
504 1824 604 1864 Tur.
632 1823 758 1865 Amb.
786 1830 836 1865 1„
856 1838 879 1863 0
906 1840 964 1864 111.
991 1840 1069 1865 sec.
1099 1824 1225 1866 Amb.
1245 1831 1287 1866 2.
1307 1826 1425 1867 Voss.
1439 1833 1478 1868 3.
1502 1827 1629 1869 Bern.

302 1894 336 1947 ᾗ.
363 1898 432 1935 20.
494 1891 688 1931 Ciceronis
704 1891 864 1946 paulum
883 1891 993 1947 infi'a
1021 1890 1170 1932 Turio.
1273 1909 1448 1945 caussae,
1480 1911 1629 1936 cassus.

191 1975 353 2003 caussas
381 1970 415 1997 et
445 1974 580 1998 cassus
606 1956 714 1998 Flor.
747 1956 887 2010 Camp.
915 1956 1042 1998 Amb.
1067 1964 1106 1998 1.
1137 1973 1161 1997 a
1187 1974 1266 2000 sec.
1295 1974 1351 1999 m.
1384 1957 1518 2014 (prius
1547 1971 1630 2002 erat

191 2023 493 2080 causasecasus)
524 2040 664 2064 causas
695 2035 729 2062 et
759 2040 872 2064 casus
901 2023 1040 2064 Turio.
1099 2036 1135 2063 et
1169 2028 1245 2066 1115.
1276 2030 1397 2066 etiam
1427 2025 1560 2067 Guelf.

304 2093 343 2147 §.
374 2098 443 2134 21.
500 2091 601 2146 quod
629 2107 698 2131 nos
724 2094 881 2144 gemina
909 2090 942 2129 S
971 2091 1049 2131 elic.
1107 2109 1177 2132 nos
1209 2102 1250 2133 et
1277 2093 1311 2132 S
1338 2108 1418 2134 om.
1448 2094 1558 2135 Jens.
1589 2105 1629 2136 et

192 2159 284 2200 edd.
313 2168 414 2212 post.
445 2168 536 2198 ante
567 2157 722 2214 Gryph.
781 2157 814 2197 S
836 2161 964 2198 omitt.
988 2161 1107 2198 etiam
1135 2158 1271 2200 Tmio.
1299 2159 1409 2200 Flor.
1436 2159 1560 2201 Amb.
1586 2169 1627 2206 1.

191 2234 234 2270 2.
265 2225 402 2279 Camp.
434 2225 551 2266 Voss.
573 2231 612 2266 3.
721 2227 802 2279 jusi
829 2240 910 2265 0111.
942 2227 1063 2265 etiam
1091 2224 1199 2266 Flor.
1229 2225 1353 2267 Amb.
1382 2233 1423 2267 2.
1461 2228 1552 2270 Par.
1585 2236 1626 2272 1.

193 2299 233 2335 2.
264 2291 402 2345 Camp.
435 2291 536 2333 Obr.
566 2294 658 2332 fort.
699 2290 825 2332 Aan.
855 2296 893 2331 1.
1006 2291 1097 2331 Jam
1125 2303 1204 2347 opt.
1243 2293 1368 2335 Amb.
1395 2299 1433 2334 1.
1492 2296 1627 2337 Etiam

191 2368 353 2415 tuentur
381 2359 518 2399 Turio.
546 2357 672 2399 Amb.
698 2364 739 2399 2.
779 2359 888 2398 haud
918 2359 1037 2398 dubie
1066 2362 1148 2400 0111.
1208 2360 1328 2414 [Non
1351 2359 1396 2402 C.
1419 2360 1626 2403 Caesarem

193 2423 416 2478 Caligulam
443 2427 513 2466 sed
541 2425 748 2466 Caesarem
774 2426 1004 2465 dictatorem
1042 2428 1122 2476 ejus
1160 2429 1218 2465 rei
1252 2438 1451 2468 auctorem
1489 2432 1623 2482 fuisse,

192 2494 322 2597 {erius
344 2495 484 2545 opinor
497 2523 508 2544 ,
546 2495 699 2533 censuit
717 2490 888 2532 Com-ad.
914 2491 1180 2533 Schneiderus
1199 2496 1244 2533 111
1261 2494 1480 2537 Elementis
1500 2495 1624 2550 Ling-

233 2566 284 2598 at.
313 2573 353 2610 p.
386 2563 436 2599 19
467 2560 582 2611 not.]

304 2624 339 2678 ᾗ.
378 2629 446 2664 23.
504 2626 627 2667 dicem
673 2636 708 2666 et
740 2626 912 2684 faciem.
981 2626 1066 2666 tlicc
1102 2638 1136 2666 et
1159 2627 1263 2684 face
1309 2629 1445 2670 Turio.
1488 2621 1620 2671 Gueif.
