1695 2974
159 171 195 204 X

157 277 396 322 excerpta,
431 282 484 309 ex
526 282 606 322 quo
636 269 816 324 primum
845 283 990 311 eorum
1032 282 1195 323 quoque
1226 267 1498 326 Spaldingius
1535 272 1598 321 uti

158 347 386 400 coepisset,
432 347 662 387 omittenda
690 347 884 399 fuerunt,
925 348 999 389 sed
1028 361 1155 402 porro
1184 346 1400 402 aliquanto
1428 347 1598 404 longius

160 424 440 475 conferenda,
495 426 832 480 quandoquidem
870 424 966 476 ille,
1018 439 1112 468 cum
1136 426 1258 467 initio
1291 424 1599 475 Quintilianum

157 503 211 543 ad
243 501 562 556 Guelferbytani
601 513 643 545 et
680 502 866 544 Gothani
905 503 1034 544 fidem
1075 519 1295 545 recensere
1332 506 1600 556 instituisset,

157 582 283 621 etiam
315 583 494 636 cognitis
525 581 770 623 melioribus
800 584 861 623 rei
892 584 1059 622 criticae
1080 582 1296 634 subsidiis,
1328 582 1439 625 hunc
1460 592 1600 624 tamen

157 661 277 716 quasi
306 669 494 700 vetustae
523 659 797 700 familiaritati
818 659 1020 701 honorem
1041 660 1202 712 habuit,
1235 670 1282 702 ut
1305 661 1491 701 advenas
1516 674 1601 701 non

157 740 297 778 statim
337 736 486 792 pleno,
537 739 886 794 quemadmodum
922 738 1215 790 merebantur,
1265 739 1476 780 amicitiae
1501 739 1601 792 jure

155 819 376 870 reciperet.
432 815 577 872 Itaque
602 817 757 857 factum
781 817 969 869 videtur,
994 827 1062 868 ut,
1095 832 1188 858 cum
1214 815 1534 870 Guelferbytani
1556 824 1600 856 et

157 893 345 936 Gothani
374 897 598 936 varietates
627 894 829 950 religiosa
854 897 1031 950 quadam
1062 910 1161 936 cura
1187 904 1360 936 enotare
1389 901 1599 949 pergeret,

156 975 296 1014 minus
327 972 506 1028 diligens
538 975 581 1013 in
614 975 990 1015 conunemorandis
1021 973 1267 1014 Turicensis
1298 982 1339 1013 et
1367 972 1601 1013 Florentini

155 1066 402 1107 quamquam
433 1051 558 1107 longe
591 1054 832 1108 graviorum
859 1051 1092 1103 librorum,
1124 1053 1342 1108 scripturis
1373 1059 1499 1092 esset.
1531 1049 1597 1091 Cf.

157 1145 262 1184 quae
293 1131 346 1171 ad
374 1129 504 1180 VIII,
536 1134 585 1181 1,
619 1134 672 1172 16
703 1132 954 1171 notavimus.

264 1287 403 1342 Atque
432 1289 478 1328 in
508 1286 588 1328 hac
620 1296 709 1328 tota
741 1302 786 1328 re
813 1302 939 1343 saepe
969 1288 1074 1330 mihi
1104 1289 1277 1340 accidit,
1323 1296 1370 1329 ut
1405 1288 1486 1329 viri
1526 1288 1600 1330 do-

155 1368 331 1408 ctissimi
354 1381 448 1408 cum
470 1368 690 1422 ingenium
722 1375 765 1407 et
793 1368 1044 1408 industriam
1075 1368 1320 1418 admirarer,
1350 1374 1439 1407 tum
1468 1366 1600 1407 fortu-

155 1460 252 1486 nam
283 1459 575 1500 conquererer,
608 1446 719 1500 quod
741 1444 828 1496 ille,
862 1460 942 1501 quo
974 1461 1058 1487 non
1088 1445 1177 1486 fere
1207 1447 1428 1502 quisquam
1457 1447 1599 1487 studio

155 1526 424 1579 doctrinaque
453 1526 638 1579 paratior
669 1525 721 1565 ad
747 1522 1056 1573 Quintilianum
1075 1525 1380 1566 recensendum
1407 1526 1598 1576 accessit,

153 1606 293 1644 minus
318 1602 489 1658 plenum
518 1601 675 1644 laboris
706 1605 772 1644 sui
800 1603 1003 1654 fructum,
1035 1612 1146 1644 certe
1178 1612 1460 1658 praesentem,
1489 1603 1597 1645 tulit.

153 1682 263 1724 Nam
291 1683 414 1723 initio
446 1697 541 1724 cum
569 1681 697 1723 fidem
720 1697 839 1723 suam
859 1681 1103 1726 infidelibus
1130 1682 1380 1738 quibusdam
1405 1681 1598 1732 ducibus,

154 1763 331 1802 vetustis
361 1761 632 1811 editionibus,
664 1761 987 1812 obstrinxisset,
1020 1776 1097 1802 nec
1127 1760 1303 1802 haberet
1331 1762 1414 1802 nisi
1441 1775 1599 1816 paucos

153 1841 459 1894 manuscriptos
489 1854 644 1895 eosque
675 1841 899 1881 deterioris
930 1841 1115 1891 ordinis,
1154 1849 1292 1881 tamen
1323 1838 1415 1881 sola
1444 1840 1598 1880 mentis

153 1920 389 1958 intentione
418 1934 519 1960 usus
554 1920 800 1973 saepissime
827 1933 975 1960 verum
1003 1920 1190 1969 invenit,
1236 1919 1315 1962 ⁴sed
1344 1933 1428 1958 non
1458 1919 1598 1958 lirinus

153 2011 303 2051 saepe,
334 1998 432 2037 dum
462 1999 726 2051 conjecturas
756 1996 969 2039 laboriose
999 1997 1052 2037 ad
1083 1995 1253 2037 illorum
1281 1995 1466 2037 ludibria
1494 1998 1597 2037 scri-

154 2085 299 2130 pturae
329 2077 536 2127 instituit,
568 2091 737 2132 operam
769 2077 977 2132 perdidit,
1010 2076 1229 2130 fructuque
1258 2073 1416 2117 laboris
1443 2077 1597 2130 jucun-

155 2156 328 2195 dissimo
360 2156 495 2195 caruit
524 2169 601 2206 eo,
632 2165 679 2196 ut
710 2164 844 2196 totum
874 2157 941 2196 sui
969 2156 1186 2210 scriptoris
1213 2162 1374 2195 textum
1405 2155 1458 2195 ad
1487 2169 1597 2205 eam,

155 2248 279 2287 quam
310 2233 558 2288 expetebat,
600 2235 860 2275 constantiae
891 2249 939 2274 ac
968 2235 1159 2274 veritatis
1187 2233 1367 2273 formam
1399 2241 1595 2274 exactum

156 2311 331 2351 xideret.
391 2311 553 2352 Verum
583 2314 880 2366 progrediente
914 2327 1040 2368 opere
1079 2312 1214 2366 magis
1253 2313 1470 2367 magisque
1500 2313 1596 2352 istis

154 2389 285 2430 falsae
326 2388 541 2444 religionis
588 2391 901 2444 impedimentis
940 2406 1034 2432 sese
1081 2389 1288 2441 exsolvit,
1334 2389 1595 2445 liberiusque

154 2469 285 2522 copiis
314 2469 402 2508 suis
432 2481 514 2507 non
539 2470 630 2522 jam
660 2468 712 2508 ad
746 2471 1000 2524 opinandum
1032 2468 1154 2526 quale
1182 2470 1362 2524 quidque
1383 2469 1595 2509 videretur

155 2547 333 2586 sortasse
371 2545 525 2595 fuisse,
572 2547 646 2587 sed
688 2547 740 2587 ad
779 2547 1007 2589 tollendam
1049 2549 1235 2602 priorum
1275 2556 1348 2588 aut
1377 2546 1593 2588 levitatem

156 2634 226 2666 aut
259 2623 559 2680 negligentiam
587 2626 646 2665 uti
668 2627 818 2681 coepit.
877 2625 1062 2681 Apparet
1083 2628 1224 2677 etiam,
1254 2627 1468 2668 invenisse
1494 2639 1590 2667 eum
