1721 2974
182 145 235 179 20
616 132 888 188 Supplemcntct
919 135 1179 173 annotationis

185 251 267 301 ipse
298 248 477 287 videatur
506 248 747 300 optimorum
777 248 890 290 codd,
916 249 1150 300 scripturam
1178 248 1372 299 probasse.
1434 247 1621 288 Ceterum

184 316 289 354 nihil
318 324 396 364 est,
434 314 542 368 quod
570 313 731 367 Sarpius
762 313 889 355 Anal.
920 329 957 366 p,
991 319 1044 354 27
1091 316 1260 364 conjecit
1302 329 1400 367 quae
1439 314 1622 370 difficilia
1690 307 1699 367 J

186 392 272 420 sunt
322 396 390 433 pro
439 379 583 431 Quint.
632 397 730 435 quac
770 380 908 431 discit,
963 383 1105 420 abusus
1143 383 1232 420 loco
1273 379 1533 421 Ciceroniano
1572 382 1622 420 de
1689 379 1700 415 ’ἶ

187 448 304 489 Orat.
332 446 384 497 Π,
417 453 470 488 22
514 451 583 502 qui
613 450 792 502 quamvis
821 450 960 501 utique
988 448 1068 487 huc
1097 451 1315 501 pertineat,
1362 463 1446 488 non
1483 458 1620 488 tamen
1663 451 1697 467 ·’

186 518 305 554 verba
335 529 493 569 quoque
523 518 746 568 praecipere
778 517 958 566 videtur,
991 518 1134 570 quibus
1167 513 1442 565 Quintilianus
1472 524 1620 554 utatur.

184 581 289 621 Nam
319 599 362 620 ca
394 598 490 636 quac
511 582 625 620 dis-cit
649 598 770 635 puer,
805 586 983 636 opposita
1000 592 1094 622 sunt
1115 584 1307 634 fortuitis,
1338 598 1441 637 quae
1459 585 1624 621 nolente

185 653 371 702 magistro
404 649 608 702 arripiam]

298 716 333 769 ᾗ.
370 722 410 757 2.
470 716 681 754 irrideatur
710 715 807 756 Tur.
837 731 933 756 am.
955 730 1058 767 sec.‚
1091 714 1209 756 BodJ.
1244 715 1382 770 Camp.
1413 713 1542 756 Palat.

186 800 261 822 non
287 787 398 838 prius
431 781 613 821 duxerim
643 781 732 823 edd.
766 786 980 838 pleraeque
1009 792 1133 835 vett.';
1180 785 1282 823 aliae
1313 800 1390 823 non
1418 786 1622 833 omittunt.

187 851 358 890 dixerim
390 854 483 905 aliq.
516 851 630 889 codd.
663 858 701 889 et
731 850 820 890 edd.

300 920 335 968 §.
369 922 408 957 3.
469 919 752 969 ingeniosorzmz
792 916 891 958 Obr.
922 916 1056 959 Andr.
1090 915 1188 956 Tur.
1219 931 1243 956 a
1272 932 1328 957 m.
1360 932 1462 968 ερας
1515 917 1626 969 inge-

187 988 336 1024 niorum
369 983 467 1024 Tur.
514 1000 536 1023 a
564 1000 619 1024 m.
652 999 735 1037 pin,
783 984 911 1026 Amb.
942 989 980 1024 1.
1025 994 1064 1024 et
1103 987 1171 1022 alii
1206 985 1317 1024 haud
1347 985 1466 1024 dubie
1493 987 1627 1023 multi.

269 1052 370 1090 velut
403 1065 481 1090 om.
514 1052 603 1091 edd.
637 1054 731 1105 aliq.
761 1061 855 1092 vett.
940 1067 1126 1105 praeceps
1156 1050 1267 1092 Sich.
1298 1052 1343 1091 in
1376 1065 1501 1104 marg.
1522 1050 1624 1092 Ald.

186 1125 225 1160 2.
254 1118 352 1159 Cod.
384 1116 508 1159 PariS.
533 1124 570 1158 6.

301 1187 338 1235 §.
372 1186 411 1225 4.
471 1185 555 1224 illic
595 1200 674 1225 om.
718 1189 841 1225 etiam
881 1184 1021 1239 Camp.
1054 1185 1157 1227 Ald.
1191 1184 1303 1225 Sich.
1336 1183 1466 1225 Calin,
1495 1183 1624 1224 Palas.

186 1252 246 1292 illi
284 1252 406 1292 Paris.
445 1257 481 1293 1.
519 1258 556 1293 2.
653 1253 842 1307 quidquid
878 1253 976 1292 illud
1011 1264 1099 1291 sunt
1134 1251 1240 1291 Flor.
1281 1253 1409 1305 (corr.
1440 1250 1627 1305 possunt)

187 1319 285 1359 Tur.
350 1319 582 1373 [Quidquid
612 1319 711 1357 illud
736 1331 897 1373 possunt
927 1322 992 1359 hic
1021 1323 1208 1359 tuebatur
1236 1319 1274 1358 J.
1305 1317 1370 1358 Fr.
1404 1316 1628 1358 Gronovius

188 1389 231 1424 in
255 1389 449 1439 prioribus
481 1387 530 1424 ad
560 1384 725 1425 Livium
752 1384 832 1437 IX,
865 1392 904 1437 3,
939 1392 989 1426 13
1020 1390 1124 1426 notis
1156 1386 1262 1439 (vid.
1296 1384 1630 1439 Drakenborch.)
1686 1396 1710 1419 S

189 1456 533 1507 componebatque
574 1454 683 1492 huuc
724 1456 859 1493 locmn
900 1468 993 1493 cmn
1036 1456 1160 1492 altero
1210 1454 1315 1491 infra
1355 1450 1459 1500 XII,
1499 1457 1546 1504 6,
1586 1459 1626 1493 2.

186 1519 365 1570 Buttm]
479 1520 574 1558 lzacc
603 1519 725 1560 vultu.
775 1536 823 1559 ac
852 1519 960 1559 vultu
994 1519 1134 1573 Camp.
1165 1518 1273 1560 Flor.
1303 1518 1401 1560 Tur.
1433 1534 1457 1560 a
1475 1535 1530 1560 m.
1547 1534 1625 1560 sec.

190 1585 262 1641 (in
291 1587 369 1626 hoc
396 1596 532 1627 tamen
559 1587 662 1642 hac)
696 1586 817 1628 Goth.
1069 1573 1074 1578 ι

303 1655 340 1704 §.
375 1658 413 1695 5.
474 1656 650 1693 innititur
686 1652 820 1694 Guelf.
851 1651 953 1696 Ald.
985 1653 1094 1695 Sich.
1126 1657 1207 1694 alii.
1284 1652 1466 1711 fundunt
1496 1652 1625 1697 Amb.

191 1726 229 1761 1.
259 1723 368 1761 facili
398 1736 539 1760 errore.

303 1788 337 1840 §.
371 1793 407 1826 6.
464 1790 677 1842 perspiciat
714 1787 842 1828 Amb.
870 1793 906 1828 1.
948 1787 1069 1828 Paris.
1107 1793 1143 1828 1.
1173 1788 1212 1828 4.
1279 1790 1497 1842 prospiciat
1526 1787 1626 1829 Tur.

190 1853 308 1895 Bodl.
338 1854 457 1895 Voss.
481 1861 519 1895 2.
554 1854 676 1894 Paris,
708 1861 746 1895 2.
775 1861 813 1896 3.
845 1855 946 1896 Obr.
1063 1855 1322 1908 dedignantur
1352 1854 1471 1895 Bodl.
1503 1853 1626 1896 Goth.

191 1937 214 1961 a
243 1937 302 1975 pr.
334 1937 390 1961 m.
431 1919 570 1974 Camp.
602 1925 793 1975 probante
824 1921 945 1962 Gesn.
1202 1924 1204 1928 ’

307 1991 343 2038 §.
377 1994 416 2029 8.
477 1991 599 2042 quicic
629 1988 781 2028 alterna
809 1989 946 2043 Camp.
977 1988 1084 2029 Jens.
1115 1999 1154 2029 et
1184 1990 1274 2030 edd.
1305 1999 1468 2043 posterr.
1500 2005 1627 2044 usque

194 2056 245 2096 ad
274 2054 410 2107 Sich.;
444 2070 525 2095 acc.
558 2055 654 2095 Tur.
689 2055 794 2096 Flor.
824 2057 950 2097 Amb.
974 2061 1011 2096 1.
1068 2056 1138 2096 alt.
1160 2059 1283 2111 quiete
1312 2058 1401 2096 edd.
1431 2059 1630 2096 recentio-

194 2139 267 2162 res.
355 2125 562 2160 1·etinen{11.r·
597 2121 716 2163 Bodl.
758 2122 915 2164 Almel.
957 2123 1054 2162 Tur.
1085 2123 1190 2164 Flor.
1223 2123 1341 2164 Voss.
1365 2129 1405 2164 2.
1437 2122 1561 2163 Paris.
1590 2127 1627 2163 1.

197 2188 337 2243 Camp.
357 2189 464 2230 Jens.
491 2198 530 2229 et
549 2198 639 2229 cett.
660 2191 750 2230 edd.
776 2199 867 2229 ante
890 2189 1001 2231 Sich.
1015 2221 1026 2241 ,
1056 2206 1142 2230 exc.
1165 2189 1292 2231 Aldo.
1383 2189 1629 2228 retenduntur

195 2259 299 2295 tueri
326 2257 483 2296 videtur
512 2254 638 2297 Amb.
663 2261 724 2307 1.,
778 2260 848 2311 qui
878 2259 1084 2295 retinentur
1114 2258 1236 2297 habet
1265 2273 1287 2297 a
1315 2271 1372 2296 m.
1403 2272 1480 2296 sec.
1512 2259 1630 2295 abra-

197 2326 247 2361 sis
280 2326 418 2362 litteris
446 2326 687 2376 originariis:
722 2323 967 2363 retenduntur
995 2327 1206 2365 manifesto
1236 2327 1281 2363 in
1305 2323 1442 2364 Floril.
1461 2322 1628 2364 Samen.

198 2398 236 2428 et
264 2389 384 2429 Paris.
416 2396 454 2430 2.
479 2395 517 2430 3.

313 2457 348 2505 ξ.
384 2462 447 2496 10.
506 2456 627 2496 ullum
658 2460 779 2497 etiam
804 2457 926 2499 Paris.
953 2464 988 2498 1.
1005 2491 1016 2510 ,
1045 2460 1114 2499 sed
1138 2458 1248 2498 illum
1263 2459 1386 2499 Paris.
1409 2464 1448 2498 2.
1537 2474 1632 2512 pos-

197 2525 271 2560 sim
313 2523 402 2561 edd.
446 2533 537 2562 ante
570 2523 725 2575 Smer„
781 2540 867 2565 exc.
899 2525 1035 2579 Sich.3
1087 2529 1142 2565 ita
1171 2525 1269 2566 Tur.
1299 2525 1405 2564 Flor.
1439 2523 1566 2566 Amb.
1591 2529 1628 2564 1.

202 2586 323 2628 Goth.
354 2588 470 2629 Voss.
492 2594 536 2630 3..
560 2589 650 2630 Par.
676 2596 713 2631 1.
733 2596 772 2632 2.
795 2596 832 2632 6.
865 2590 1004 2646 Camp.
1101 2591 1273 2632 naturali
1301 2602 1376 2632 act.
1408 2591 1466 2632 ill.
1490 2594 1631 2646 impetu
