1721 2974
401 176 454 215 cul
486 176 647 230 Quintil.
680 175 808 216 Instit.
844 172 898 224 V,
932 179 998 221 10.
1031 174 1068 224 §.
1101 174 1300 215 48—55.
1486 183 1568 221 259

239 289 277 340 §.
310 294 374 333 52.
432 288 595 344 τρόπον.
654 288 781 331 Amb.
815 294 853 329 1.
887 303 1046 345 sonent,
1093 302 1172 328 sec.
1202 301 1257 326 m.
1297 292 1567 342 superscripsit

124 369 171 395 ω.
272 357 472 413 factum?
508 358 640 412 quue.
699 357 826 397 Amb.
850 361 888 398 1.
919 359 1038 396 inser.
1067 355 1110 395 id
1140 365 1195 394 est
1222 353 1403 408 qualiter.
1459 355 1567 397 Flor.

123 421 248 464 Amb.
273 431 311 465 2.
342 425 432 466 Par.
461 430 499 465 3.
533 428 654 464 etiam
682 424 795 478 idque
825 425 935 464 dant.
1031 433 1124 463 ium.
1183 421 1310 463 Amb.
1330 427 1371 462 2.
1401 426 1564 464 omittit.

206 495 480 547 scriptumque.
538 492 661 532 Amb.
682 496 715 531 1.
747 494 898 545 scripti.
957 489 1024 531 Ex
1049 489 1156 530 Flor.
1180 498 1220 529 et
1242 488 1368 529 Amb.
1387 495 1428 530 2.
1455 491 1566 530 nihjl

122 567 285 598 notatur
309 575 335 599 a
365 559 586 599 Burmann.
616 561 788 598 lectione
821 559 1032 598 diversum.
1140 556 1355 596 adulterum
1381 579 1439 585 —
1471 568 1563 598 tum.

123 625 249 666 Amb.
283 633 320 667 1.
362 627 468 668 Flor.
510 642 532 666 a
565 642 624 680 pr.
659 641 714 666 m.
753 625 863 666 Jens.
905 625 1028 666 adult.
1056 624 1177 682 firro
1214 623 1423 672 occidisse,
1477 641 1563 664 cum

122 707 261 734 veneno
301 693 470 734 licuisset
508 693 682 734 occidere
718 704 811 733 tum.
875 692 1013 746 Calnp.
1055 691 1120 732 acl.
1153 709 1240 732 cum
1266 707 1430 740 veneno,
1469 698 1570 732 cetu

123 770 168 800 ut
197 762 260 800 ed.
361 761 429 800 secl
449 786 505 792 —
531 771 658 815 oport.
717 759 843 800 Amb.
880 766 919 800 2.
951 760 1090 813 Camp.
1121 760 1189 798 secl
1217 758 1278 798 vel
1306 775 1367 813 op.
1468 775 1564 799 con-

115 829 302 880 jecturas,
361 827 429 870 Sic
459 832 579 868 etiam
606 827 733 868 Aan.
763 833 801 868 1.
842 826 945 867 Flor.
976 827 1067 868 Par.
1099 832 1137 867 1.
1169 833 1208 868 2.
1243 831 1280 868 5.
1392 825 1477 866 ideo
1508 851 1564 857 ——

121 895 221 936 ideo.
278 895 345 936 Sic
375 900 495 936 etiam
523 895 649 936 Amb.
675 900 712 936 1.
770 894 990 936 Posteriore
1019 898 1108 935 loco
1134 893 1259 934 Amb.
1282 899 1323 935 2.
1349 894 1458 933 addit
1478 911 1563 948 que,

118 965 248 1015 priore
277 962 385 1004 Flor.

228 1056 265 1104 §.
298 1057 365 1093 53.
423 1054 464 1090 vi
493 1063 559 1092 aut
590 1063 671 1093 nat.
730 1051 856 1092 Amb.
891 1057 926 1091 1.
967 1067 1028 1090 ac.
1136 1053 1252 1090 citra.
1310 1049 1437 1091 Amb.
1465 1055 1500 1091 1.
1524 1057 1562 1092 2.

117 1117 224 1159 Flor.
255 1123 376 1160 etiam
406 1122 526 1161 circa.
613 1131 909 1174 ceterorumque.
969 1116 1091 1157 Amb.
1117 1122 1154 1157 1.
1184 1127 1480 1172 ceterarumque.

106 1188 178 1241 fit.
236 1186 346 1227 Jens.
388 1196 428 1226 et
465 1189 555 1228 edd.
596 1197 688 1227 ante
726 1186 824 1227 Ald.
856 1189 920 1226 sit.
1037 1201 1158 1225 causa
1188 1206 1240 1213 -—
1271 1185 1339 1223 An
1372 1188 1437 1225 sit.
1496 1184 1564 1225 Sic

120 1251 255 1293 Guelf.
297 1257 447 1294 omissis
485 1257 746 1295 intermediis.
857 1255 916 1294 his
947 1253 1132 1293 omnibus.
1193 1249 1330 1292 Guelf.
1372 1250 1498 1292 Amb.
1521 1257 1564 1293 2.

120 1320 346 1362 Voss.1.3.
377 1321 499 1362 Bern.
533 1321 654 1363 Goth.
686 1322 803 1362 Voss.
823 1328 862 1362 2.
894 1321 1005 1361 Sich.
1038 1323 1230 1359 omittunt
1260 1319 1333 1358 his.
1383 1318 1492 1359 Jens.
1523 1328 1562 1360 et

118 1389 210 1429 edd.
243 1399 334 1429 ante
364 1389 475 1430 Sich.
508 1393 568 1429 iis.
682 1401 723 1429 ut
754 1393 795 1429 in
825 1406 993 1443 quosque
1026 1390 1237 1427 incurrent.
1295 1385 1405 1426 Flor.
1434 1385 1562 1426 Aan.

118 1462 159 1496 2.
187 1456 277 1497 Par.
301 1463 336 1497 1.
358 1463 397 1498 2.
419 1462 456 1497 3.
490 1461 680 1498 omittunt
709 1461 762 1498 in.
819 1456 943 1497 Amb.
966 1461 1003 1495 1.
1035 1457 1075 1494 in
1100 1471 1196 1509 quos
1222 1456 1322 1502 inc„
1371 1455 1462 1493 fort.
1489 1456 1562 1492 ab-

117 1539 204 1563 raso
234 1535 286 1563 ut.
358 1523 492 1565 Guelf.
535 1536 576 1564 ut
616 1529 774 1581 quisque
816 1525 1074 1571 incurrerint,
1122 1536 1231 1573 non,
1282 1530 1326 1561 ut
1351 1519 1562 1574 Spalding.

118 1594 257 1643 refert,
298 1595 548 1632 incurrerent.

230 1683 265 1734 §.
298 1683 363 1723 54.
423 1699 528 1735 ergo.
588 1681 655 1723 Sic
685 1683 807 1721 etiam
822 1679 947 1720 Amb.
969 1685 1006 1720 1.
1031 1686 1069 1720 2.
1099 1678 1208 1718 Flor.
1296 1680 1558 1733 eaefinitione.

116 1748 239 1789 Amb.
265 1755 302 1790 1.
325 1761 361 1788 ct
376 1752 484 1806 fin.‚
524 1765 546 1789 a
567 1765 644 1790 sec.
667 1765 723 1789 m.
757 1759 793 1787 et
819 1750 941 1803 afin.
1001 1747 1140 1786 Turic.
1172 1755 1213 1786 et
1241 1744 1348 1785 Flor.
1383 1761 1403 1785 a
1421 1760 1481 1798 pr.
1501 1761 1559 1785 m.

117 1827 152 1855 ct
167 1819 404 1871 finitionem.
518 1816 628 1870 Ejus.
685 1816 809 1857 Amb.
835 1822 871 1855 1.
893 1818 1051 1855 omittit.
1170 1816 1272 1853 ratio
1303 1823 1372 1853 est.
1425 1810 1558 1852 Guelf.

119 1881 242 1924 Goth.
286 1901 317 1923 a.
348 1901 383 1924 r.
496 1884 623 1938 simpl.
654 1901 786 1939 quaer.
843 1882 968 1923 Amb.
998 1888 1035 1922 1.
1064 1885 1183 1922 inser.
1217 1881 1305 1920 hoc.
1419 1883 1557 1920 virtus.

116 1949 238 1991 Amb.
259 1957 296 1991 1.
325 1951 432 1991 Flor.
465 1954 606 2004 etipsi
635 1951 794 1991 (lictum.
887 1949 1151 2004 praecedente.
1200 1947 1267 1989 Sic
1287 1950 1408 1987 etiam
1431 1946 1557 1987 Amb.

119 2023 156 2058 1.
186 2018 294 2058 Flor.
323 2034 345 2057 a
378 2034 436 2072 pr.
466 2033 545 2069 m.,
584 2028 623 2058 et
650 2017 775 2058 Amb-
797 2023 837 2058 2.
858 2049 869 2069 ‚
906 2026 952 2056 ut
980 2017 1150 2056 videtur.
1264 2014 1389 2054 Id—
1417 2013 1558 2054 verbis.

116 2084 183 2127 Sic
211 2089 332 2125 etiam
374 2085 464 2126 Par.
488 2092 528 2126 2.
586 2083 644 2125 At
673 2082 794 2126 Amb.
828 2090 865 2125 1.
906 2087 1026 2123 etiam
1064 2082 1132 2123 Ita
1159 2092 1201 2121 ut
1230 2084 1448 2120 universam
1479 2083 1559 2119 vim

115 2154 234 2192 verbi.
291 2153 399 2193 Flor.
429 2153 480 2192 Icl
509 2164 576 2193 aut
603 2155 819 2192 universum
844 2153 923 2190 vim
950 2150 1092 2190 verbis.
1148 2148 1274 2188 Amb.
1292 2153 1332 2188 2.
1357 2147 1408 2186 Id
1427 2156 1556 2187 autem

114 2224 331 2260 universum
368 2221 510 2261 verbis.
569 2220 659 2261 Par.
692 2225 730 2260 1.
771 2219 836 2258 Ita
864 2229 931 2258 aut
960 2220 1177 2257 universam
1212 2218 1290 2254 vim
1321 2215 1441 2254 verbi.

116 2287 416 2343 complectimur.
474 2287 598 2328 Amb.
626 2293 664 2327 1.
696 2286 803 2326 Flor.
835 2285 1157 2340 complectamur,
1209 2285 1363 2338 [quare
1391 2284 1554 2322 fortasse

113 2357 330 2409 legendum
361 2366 440 2397 est:
490 2367 531 2396 ut
560 2366 626 2395 aut
656 2357 873 2394 universam
900 2355 977 2392 vim
1005 2352 1114 2390 verbi
1143 2350 1470 2405 complectamur,
1500 2368 1558 2380 -ι-

115 2434 183 2462 aut
221 2432 294 2463 cet.
364 2423 481 2464 Certe
520 2424 626 2462 verbi
663 2438 802 2463 verum
839 2421 994 2461 videtur
1031 2418 1155 2470 essen]
1273 2418 1362 2456 bene
1391 2416 1468 2455 dic.
1499 2438 1556 2447 —

115 2501 171 2529 est
209 2499 323 2532 recte.
390 2492 500 2532 Haec
539 2494 680 2531 absunt
727 2505 750 2529 a
794 2489 900 2529 Flor.
951 2503 973 2527 a
1012 2503 1072 2540 pr.
1113 2501 1169 2526 m.
1284 2493 1388 2523 recte
1429 2486 1555 2524 inven-

117 2555 252 2598 Guelf.
282 2556 419 2612 Camp.
451 2562 479 2600 i.
511 2576 544 2600 r.
661 2567 699 2597 et
726 2574 811 2598 cum
840 2556 948 2609 dign.
1007 2553 1146 2607 Camp.
1177 2567 1257 2592 om.
1292 2567 1392 2592 cum.

226 2653 263 2702 §.
293 2653 359 2692 55.
416 2658 461 2690 ut
497 2651 533 2690 si
570 2648 689 2690 assia.
748 2647 814 2690 Sic
856 2649 976 2687 etiam
1005 2643 1131 2684 Amb.
1165 2646 1205 2682 1.
1244 2638 1348 2679 Flor.
1387 2636 1477 2678 Par.
1511 2638 1552 2675 1.

1002 2714 1040 2752 R
1072 2716 1097 2751 2
