1721 2974
333 155 388 197 acl
414 156 546 210 Quint.
577 155 675 197 Ins-t.
711 154 766 209 V,
788 161 853 197 13.
887 156 924 207 ᾗ.
951 160 1148 197 53—60.
1198 158 1262 198 14.
1290 158 1325 210 §.
1349 161 1387 198 1.
1502 164 1586 201 299

219 273 563 326 comparationem.
612 269 703 312 Par.
728 275 766 311 1.
798 270 907 311 Jens.
931 278 971 310 et
989 270 1079 312 edd.
1100 279 1193 311 ante
1215 269 1345 312 Stoer.
1365 282 1459 311 cum
1483 272 1587 313 Obr.

133 347 173 379 et
195 342 250 379 eis
272 340 380 393 apud
405 337 546 380 Burm.
565 339 849 394 probationem.
931 338 1114 394 plurium.
1164 338 1300 380 Turio.
1318 337 1427 380 Flor.
1451 338 1587 382 Guelf.

133 405 258 448 Aan.
280 413 319 449 2.
350 406 490 460 Camp-
508 406 735 462 plurimum.

213 461 215 465 v
249 476 284 527 §·
317 480 383 516 58.
445 478 513 530 qui
529 493 667 530 praep.
706 474 816 516 Jens.
839 483 878 515 et
899 475 988 514 edd.
1011 483 1103 515 ante
1125 473 1228 515 Bad.
1251 492 1348 530 quae
1363 492 1423 530 pr.
1467 473 1588 517 Goth.

133 559 172 599 q.
191 553 490 598 praepararent.
577 545 643 598 qui
665 541 772 599 conf
812 542 921 583 Jens.
947 553 985 583 et
1004 543 1094 583 edd.
1113 553 1204 583 ante
1226 542 1328 583 Bad.
1352 560 1451 597 quae
1473 561 1508 583 c.

132 611 359 666 aliquando.
419 609 542 652 Goth.
561 610 657 660 alii,
695 625 780 650 non
805 608 956 665 aliqui,
997 611 1108 665 quod.
1133 609 1257 652 Gesn.
1289 613 1418 652 affert.
1464 611 1591 652 Amb.

136 684 175 719 1.
198 683 359 720 omittit.
461 678 636 735 perinde.
686 677 794 720 Flor.
818 681 942 718 etiam
959 679 1139 732 proinde.
1242 683 1389 737 cuique.
1448 679 1591 735 Camp.

133 750 357 804 cuicunque.

246 820 283 870 ᾗ.
315 820 383 857 59.
445 806 683 867 Singulisne.
741 810 867 853 Amb.
897 818 933 853 1.
964 812 1142 866 singulis.
1194 818 1311 856 Voss.
1335 821 1374 858 1.
1403 816 1594 871 singulis-

132 898 192 923 ve.
300 883 389 923 doc.
406 881 494 937 jud.
540 880 662 922 Voss.
685 885 724 921 1.
750 879 788 920 d.
811 891 907 919 essct
921 883 955 934 j.
1007 879 1147 935 Camp.
1172 882 1210 923 d.
1233 886 1284 923 sit
1297 888 1329 938 ]”
1437 901 1595 925 moven-

133 949 216 989 dus.
266 946 404 991 Guelf.
425 948 648 989 monendus.
760 949 902 989 media.
946 948 1075 990 Amb.
1106 955 1143 990 1.
1173 951 1302 991 medii.
1408 952 1594 993 utilitate.

131 1015 258 1058 Aan.
281 1025 321 1059 2.
344 1017 551 1058 utilitate&
637 1015 756 1057 Haec
778 1034 914 1072 praec.
938 1022 1019 1073 qui.
1061 1016 1194 1057 Turio.
1217 1019 1281 1059 hic
1299 1038 1362 1074 pr.
1387 1037 1427 1076 q.
1465 1020 1594 1061 Aan.

136 1091 176 1126 1.
212 1087 309 1127 Izaec
340 1086 524 1127 accidunt
547 1085 608 1124 his
636 1088 702 1141 qui
729 1102 866 1141 praec.
968 1085 1097 1143 foro:
1137 1095 1191 1127 ud.
1240 1085 1380 1129 Turio.
1413 1104 1436 1128 a
1455 1104 1516 1142 pr.
1536 1104 1596 1128 m.

122 1153 170 1210 f.
196 1157 265 1204 ait,
299 1171 321 1195 a
339 1170 486 1195 sec.m.
505 1168 598 1194 cum
621 1152 757 1208 Camp.
783 1153 820 1210 f.
840 1164 893 1194 at.
983 1165 1100 1195 arie&
1138 1153 1206 1196 Sic
1229 1159 1350 1196 etiam
1363 1155 1491 1198 Amb.
1507 1162 1594 1198 1.2.

135 1221 226 1263 Par.
252 1228 289 1263 1.
309 1229 345 1264 2.
367 1228 406 1264 3.
495 1222 711 1262 turbentur.
765 1221 867 1264 Obr.
894 1222 1114 1262 turbantur.

249 1295 286 1345 §.
321 1296 388 1332 60.
448 1289 643 1345 Namque.
694 1288 857 1332 Novum
876 1300 994 1344 caput
1012 1293 1214 1345 incipiunt
1242 1291 1311 1332 hic
1341 1295 1464 1332 etiam
1483 1291 1596 1334 Flor.

135 1357 263 1401 Amb.
286 1365 324 1400 2.
375 1357 437 1400 At
458 1356 593 1399 Guelf.
616 1357 756 1412 Camp.
779 1357 898 1399 Tarv.
918 1358 1072 1414 Anque.
1151 1359 1281 1413 legem.
1322 1358 1451 1402 Amb.
1480 1366 1516 1401 1.
1543 1361 1599 1400 lc-

134 1428 255 1482 gencli
267 1458 279 1478 ,
311 1428 381 1468 sed
402 1436 652 1481 expunctum
676 1442 698 1465 a
723 1443 800 1467 sec.
824 1442 879 1467 m.
977 1427 1290 1467 inveniendorum
1311 1454 1368 1460 -—
1388 1429 1469 1469 secl.
1529 1429 1598 1470 Sic

137 1499 261 1535 etiam
280 1494 406 1536 Amb.
433 1500 470 1535 1.
559 1494 924 1535 concludendorum.
973 1494 1082 1537 Flor.
1107 1494 1223 1537 Alm.
1272 1496 1597 1538 concludentium.

139 1561 281 1605 Turio.
307 1562 603 1604 concluentium.
711 1580 794 1605 7103.
845 1562 953 1604 Flor.
979 1578 1059 1604 om.
1169 1563 1441 1617 illigaverunt.
1488 1565 1597 1607 Jens.

138 1641 179 1672 et
207 1633 296 1673 edd.
319 1638 424 1672 ‘ante
457 1630 557 1672 Obr.
587 1631 751 1686 alligav.
865 1630 1130 1686 praelocutus,
1182 1630 1318 1673 Guelf.
1345 1633 1511 1675 locutus.

137 1700 244 1756 quid.
298 1698 423 1740 Amb.
447 1704 484 1739 1.
507 1700 623 1755 quod.
709 1699 970 1741 clarissimos.
1010 1699 1120 1742 Jens.
1141 1709 1182 1741 et
1201 1702 1292 1743 edd.
1312 1711 1404 1742 ante
1430 1700 1598 1759 Gryph„

138 1784 227 1809 exc.
247 1767 359 1810 Sich.
376 1800 388 1821 ‚
429 1767 630 1823 praeclar.

687 1936 720 1978 C
752 1952 781 1978 A
812 1954 851 1980 P.
912 1937 1057 1981 XIV.

252 2041 290 2091 §.
322 2043 360 2078 1.
422 2048 457 2077 et
479 2054 631 2091 argum.
675 2036 803 2079 Amb.
839 2045 878 2080 1.
909 2039 1047 2081 Turio.
1082 2043 1274 2082 omittunt
1297 2052 1347 2082 et.
1464 2039 1510 2080 id
1530 2050 1600 2081 est.

141 2106 282 2160 Camp.
305 2106 420 2147 idem.
508 2116 550 2145 ut
569 2105 676 2145 dioei.
719 2104 786 2146 Sic
809 2110 931 2147 etiam
951 2107 1076 2149 Amb.
1103 2114 1141 2150 1.
1161 2115 1198 2150 2.
1222 2109 1329 2151 Flor.
1352 2109 1444 2150 Par.
1467 2114 1505 2149 1.
1532 2115 1599 2161 2.;

143 2174 258 2215 Sich.
275 2177 423 2214 omittit
441 2185 495 2214 ut.
575 2173 702 2228 quale.
733 2173 861 2215 Aan.
878 2180 914 2214 1.
937 2192 1036 2231 qn-ae
1055 2187 1124 2217 est.
1210 2188 1303 2218 tum.
1334 2177 1443 2218 Jens.
1458 2186 1496 2217 et
1507 2177 1600 2217 edd.

141 2253 234 2283 ante
253 2242 351 2283 Ald.
372 2255 498 2282 {amen
507 2272 518 2291 ,
561 2257 637 2282 nec
659 2258 754 2282 vero
775 2241 898 2284 Goth.
912 2274 924 2293 ,
970 2246 1081 2300 quod
1103 2243 1226 2287 Gesn.
1248 2248 1384 2286 refert.
1485 2245 1600 2300 prob.

139 2322 285 2368 posset.
337 2311 474 2352 Turio.
495 2314 616 2350 inser.
642 2310 722 2351 secl.
812 2329 926 2352 nnnc.
975 2312 1114 2354 Turio.
1134 2312 1244 2354 Flor.
1266 2313 1407 2367 Camp.
1434 2323 1470 2352 et
1490 2329 1601 2353 nunc.

228 2378 316 2420 mel.
342 2396 389 2419 ea
416 2378 541 2432 judie.
599 2377 666 2419 Sic
692 2382 812 2419 etiam
843 2379 950 2421 Flor.
977 2380 1099 2422 Amb.
1123 2388 1163 2422 2.
1221 2380 1382 2423 Verum
1408 2380 1537 2422 Aan.
1562 2386 1601 2422 1.

143 2447 302 2487 meliore
321 2465 346 2487 a
367 2447 583 2487 iudicanda
594 2477 605 2496 ‚
646 2463 723 2488 sec.
742 2463 797 2489 111.
829 2453 1103 2503 superscripsit
1124 2450 1163 2490 d.
1275 2451 1362 2490 Dii.
1411 2448 1539 2489 Amb.
1563 2455 1603 2490 2.

145 2515 217 2555 Di.
337 2519 527 2555 rationem
565 2526 599 2554 et
634 2534 790 2571 propos.
860 2516 928 2558 Sic
968 2521 1090 2557 etiam
1130 2518 1237 2559 Flor.
1295 2521 1603 2574 propositionem

146 2586 266 2623 etiam
293 2583 422 2626 Amb.
453 2591 490 2625 2.
508 2617 518 2636 ,
562 2588 700 2625 ceteris
731 2588 898 2630 omissis.
958 2584 1090 2627 Colin.
1120 2590 1427 2643 propositionem
1453 2586 1602 2642 proba-

150 2654 372 2708 tionemque.
