1721 2974
118 152 197 189 284
566 147 834 204 Supplcmmzta
862 152 1122 190 annoiczlionis

114 261 251 301 Turio.
273 270 311 302 et
331 260 458 308 Flor.,
508 270 673 317 uterque
703 275 725 300 a
753 275 812 313 pr.
844 275 923 313 m.‚
953 277 991 316 q.
1021 278 1073 302 m.
1098 263 1176 301 sint
1203 264 1330 318 utiquo
1356 279 1447 304 vero
1477 265 1542 305 ad.

115 328 249 370 Guelf.
270 329 392 369 Aan.
414 334 452 368 2.
473 327 585 368 Voss.
606 334 642 369 1.
666 333 703 368 3.
726 330 917 369 omittunt
949 331 1042 383 quia
1061 329 1185 370 mulia
1203 341 1303 372 sunt.
1405 335 1545 373 omnia.

114 395 250 438 Guelf.
287 394 425 437 or'nncs.
538 405 724 449 spectant.
778 394 904 436 Amb.
938 402 975 437 1.
1016 395 1152 438 Turio.
1182 396 1289 439 Flor.
1321 409 1546 453 eoepectant.

113 463 248 505 Guelf.
278 473 488 519 aspectant.
591 478 678 501 cras
711 472 747 501 et
769 473 862 503 tum.
914 462 1041 504 Amb.
1073 470 1110 505 1.
1150 476 1233 504 erat
1262 475 1356 504 tum.
1406 464 1548 518 Camp-

111 549 199 572 cras
227 543 262 571 et
289 542 343 571 tu.
464 543 582 569 ,ma-Y.
613 544 639 567 a
669 529 772 570 cred.
833 529 972 571 Turio.
1003 546 1082 572 om.
1115 547 1155 571 a.
1268 532 1546 587 appellabaris).

109 598 248 640 Turio.
269 598 375 639 Flor.
397 612 419 636 a
437 612 496 650 pr.
518 611 573 635 m.
596 596 821 651 appellari&
925 598 1161 654 off'cnderas.
1209 598 1345 640 Turio.
1368 616 1390 640 a
1408 617 1469 655 pr.
1488 616 1546 641 m.

109 667 347 723 offimlariS,
394 680 418 704 a
447 679 525 703 sec.
555 679 609 704 m.
649 679 743 705 cum
772 664 911 722 Camp.
937 666 1173 722 ffnclebw.
1272 684 1326 709 cr.
1345 669 1425 708 her.
1478 667 1546 708 Sic

108 738 231 774 etiam
249 733 354 774 Flor.
469 742 505 770 et
524 742 662 772 mutat.
713 731 853 774 Turio.
885 750 967 774 om.
992 746 1040 776 ct.
1156 736 1323 776 etiamsi.
1371 736 1480 778 Jens.
1507 744 1546 776 et

109 804 221 843 editt.
242 809 332 841 ante
350 797 450 840 Ald.
471 801 508 839 si
526 802 657 840 etiam.
755 811 883 841 tamen
901 812 969 843 ut.
1004 801 1131 843 Amb.
1155 807 1191 843 1.
1214 813 1377 846 tantum.

219 895 254 945 §.
287 895 327 931 6.
383 899 426 928 ut
440 905 452 929 .·
482 905 566 943 cup.
616 888 686 929 Sic
706 892 828 930 etiam
847 889 952 931 Flor.
974 907 996 932 a
1016 908 1092 934 see.
1113 908 1169 933 m.
1190 891 1311 933 Amb.
1332 899 1370 934 2.
1410 892 1547 934 Omit-

105 969 197 1001 tunt
216 970 257 998 ut
277 961 399 998 etiam
425 956 551 997 Amb.
583 961 619 996 1.
639 956 745 998 Flor.
774 973 797 997 a
818 974 877 1016 pr.
905 975 959 1000 m.
1071 963 1147 1001 ira.
1195 960 1321 1001 Amb.
1356 966 1393 1002 1.
1427 960 1546 1014 (cum

104 1033 217 1083 signo
238 1026 406 1080 mend-1)
437 1024 574 1065 Turio.
597 1022 712 1066 Alm.
733 1027 834 1066 iura.
922 1027 1080 1087 efficiat.
1131 1026 1270 1081 Camp.
1294 1029 1460 1085 officiat.

104 1101 228 1136 anim.
261 1096 364 1136 hom.
423 1093 531 1135 Flor.
568 1095 691 1133 etiam
719 1095 838 1134 inser.
871 1103 1009 1133 tamen.
1126 1095 1299 1150 cffictio.
1356 1094 1477 1135 Amb.
1510 1100 1544 1134 1.

103 1164 241 1205 Turio.
261 1163 375 1204 Alm.
402 1163 622 1218 officiaiio.

215 1246 250 1296 ᾗ.
282 1249 324 1284 7.
392 1242 488 1283 cclii.
537 1238 662 1280 Ajnb.
693 1245 729 1280 1.
768 1239 874 1280 Flor.
908 1256 931 1279 a
960 1256 1038 1281 sec.
1073 1255 1128 1281 m.
1160 1239 1239 1280 [liu.
1366 1243 1543 1281 nitemur.

103 1310 243 1365 Camp.
273 1315 393 1351 etiam
422 1321 585 1350 utemur.
696 1323 788 1361 par.
820 1323 903 1361 sup.
938 1307 988 1347 αἷ.
1016 1325 1127 1364 prop.
1185 1307 1254 1349 Sio
1282 1310 1406 1348 etiam
1435 1308 1541 1349 Flor.

100 1378 227 1419 Amb.
249 1385 286 1423 2.
314 1379 404 1421 Par.
426 1384 466 1419 3.
524 1376 618 1418 Post
634 1392 724 1430 par.
772 1373 896 1416 Amb.
925 1381 961 1417 1.
979 1378 1097 1416 inser.
1119 1392 1182 1417 an.
1296 1379 1362 1417 sit.
1417 1374 1541 1416 Amb.

105 1452 143 1487 1.
171 1451 264 1487 sint.

216 1529 251 1579 ξ.
285 1531 325 1566 8.
383 1522 613 1565 onerandus.
660 1522 785 1563 Amb.
812 1528 852 1563 2.
874 1520 1109 1563 onerandus.
1197 1524 1290 1577 quia
1310 1532 1360 1562 et.
1407 1520 1543 1562 Turio.

102 1592 231 1634 Amb.
261 1600 299 1634 2.
331 1609 445 1648 quam
468 1602 518 1630 et.
631 1590 852 1631 detrahunt.
899 1589 1038 1642 Camp.
1062 1592 1248 1630 minuunt.
1359 1601 1441 1644 pot.
1455 1589 1544 1644 jael.

103 1660 244 1714 Camp,
265 1664 294 1713 j.
314 1678 354 1715 p.
463 1661 543 1713 qui.
594 1656 716 1697 Amb.
751 1663 788 1697 1.
819 1657 954 1697 Turic.
983 1656 1089 1697 Flor.
1121 1655 1236 1697 Alm.
1269 1655 1405 1710 Camp.
1434 1673 1544 1710 quac.

188 1729 379 1768 diximus.
428 1725 495 1767 Sic
518 1728 638 1765 etiam
664 1723 786 1765 Amb.
821 1729 858 1764 1.
885 1730 926 1764 2.
958 1723 1093 1763 Turio.
1123 1722 1230 1762 Flor.
1259 1722 1372 1763 Alm.
1405 1722 1542 1777 Camp.

101 1796 192 1838 Par.
214 1801 252 1836 1.
274 1801 314 1836 2.
338 1800 375 1835 3.
491 1793 615 1833 rebus.
666 1791 803 1832 Turio.
823 1791 855 1831 F
858 1794 931 1831 lor.
963 1806 985 1830 a
1002 1807 1062 1845 pr.
1083 1806 1137 1830 m.
1169 1789 1308 1844 Camp.
1330 1791 1471 1831 verbis.

154 1902 156 1905 -
216 1876 252 1927 §.
284 1880 325 1916 9.
382 1871 553 1928 quida-m.
597 1871 704 1912 Jens.
724 1879 763 1911 et
782 1871 871 1910 edd.
894 1878 985 1909 ante
1004 1867 1101 1909 Ald.
1132 1868 1300 1924 quidem.
1403 1871 1546 1922 παθη-

101 1941 228 1990 τικὰς.
271 1941 396 1982 Amb.
420 1946 455 1980 1.
489 1953 714 1986 πατετικας.
828 1937 975 1991 Atque.
1025 1935 1162 1989 Camp.
1195 1938 1317 1990 atqui.
1435 1936 1543 1975 dicit.
1595 1948 1606 1951 ’

102 2010 226 2051 Aan.
251 2016 290 2050 1.
321 2008 479 2048 didicit.
583 2009 618 2046 si
637 2008 700 2046 sit.
751 2003 874 2046 Goth.
898 2007 933 2044 si
953 2006 1023 2044 sic.
1133 2004 1267 2043 bonus.
1325 2002 1393 2045 Sio
1423 2006 1546 2044 etiam

100 2077 225 2120 Amb.
247 2083 283 2119 1.
303 2077 411 2118 Flor.
435 2092 458 2115 a
478 2092 536 2130 pr.
556 2091 611 2116 m.
721 2075 920 2128 optimum.
971 2070 1105 2112 Guelf.
1128 2070 1318 2111 ultimum.

216 2158 252 2209 ᾧ.
286 2162 352 2197 10.
411 2155 678 2195 Sucronensis.
721 2151 746 2193 J
749 2167 830 2192 ens.
855 2159 894 2191 et
915 2151 1004 2191 edd.
1023 2159 1113 2190 ante
1136 2148 1238 2190 Bad.
1252 2181 1264 2201 ,
1295 2163 1383 2190 exo.
1406 2146 1543 2198 Tarv„

104 2226 373 2266 Succoncnsis.
491 2222 540 2275 Q.
565 2219 611 2260 V
609 2238 669 2261 ar.
717 2219 856 2260 Turio.
882 2234 904 2258 a
922 2232 981 2272 pr.
1005 2233 1060 2257 m.
1093 2215 1219 2257 Amb.
1242 2223 1282 2259 2.
1309 2232 1381 2271 que
1403 2214 1458 2256 V.

102 2293 439 2347 Aristophontem.
488 2289 625 2331 Turio.
654 2287 780 2329 Aan.
813 2293 853 2328 2.
883 2285 1159 2340 aristophonte.
1257 2282 1545 2324 Aemilium—

101 2361 335 2415 proclislissc.
384 2359 495 2399 Haec
514 2360 704 2397 omittunt
717 2354 843 2396 Amb.
855 2360 894 2396 2.
912 2352 1030 2393 Voss.
1049 2358 1086 2392 1.
1102 2357 1140 2392 3.
1155 2382 1166 2404 ,
1197 2351 1324 2391 codex
1344 2349 1544 2390 Sichardi.

187 2427 428 2482 proditurus.
478 2425 615 2466 Turio.
643 2439 668 2464 a
695 2438 756 2477 pr.
791 2437 844 2466 m.
879 2417 1144 2476 prodiciurus.
1255 2420 1360 2472 isque
1387 2417 1430 2457 id
1457 2434 1544 2471 neg.

106 2492 405 2547 Camp.om.icl.
483 2491 610 2545 Quod.
640 2491 749 2532 Jens.
772 2488 880 2545 quid.
918 2487 1038 2528 Tarv.
1059 2498 1164 2542 quot.
1253 2487 1387 2538 igilur.
1417 2484 1543 2525 Amb.

110 2566 148 2600 1.
168 2560 198 2600 F
204 2564 274 2601 lor.
309 2577 331 2600 a
359 2578 418 2615 pr.
446 2576 501 2601 m.
535 2560 648 2599 dicis.
693 2560 695 2562 ’
762 2568 803 2597 tu
833 2573 908 2597 non
932 2555 1115 2612 fecisses,
1164 2553 1288 2595 Amb.
1319 2558 1354 2594 1.
1384 2546 1545 2609 quoque

108 2639 143 2666 ic
165 2628 405 2684 nonfccissc.
465 2629 571 2670 Flor.
604 2642 626 2667 a
652 2642 710 2681 pr.
743 2640 798 2666 m.
825 2635 860 2664 te
881 2622 1091 2680 msecissc.
