1721 2974
144 137 224 175 245
587 137 859 192 Supplemema
889 140 1150 176 annotationis

147 245 284 301 ficisse.
353 247 492 303 Camp.
536 252 765 304 respa-misse.
879 252 1136 305 prqflnxisse.
1196 250 1337 306 Camp.
1380 257 1597 310 prqfluisse.

239 332 314 355 non
344 319 485 376 zftique.
545 315 666 357 Amb.
700 322 736 355 1.
768 315 816 369 (a
847 332 924 357 see,
955 332 1011 356 m.
1041 333 1160 371 super
1187 319 1377 374 lituram)
1414 320 1520 362 Flor.
1554 340 1602 364 ac

152 398 189 423 η.
221 386 366 437 utique.
481 387 547 439 qui
574 395 726 423 veslem.
787 382 909 425 Goth.
935 402 1006 439 per·
1033 395 1188 425 vestem.

265 452 302 502 §.
336 457 402 491 10.
462 452 697 505 adjunctum.
757 451 862 491 Flor.
903 467 1064 506 quoque
1102 468 1125 491 a
1154 468 1213 506 pr.
1244 468 1300 494 m.
1339 454 1537 509 adjutum,
1581 472 1604 496 a

155 531 233 557 sec.
267 518 477 559 advictum.
565 518 733 557 ducitur.
775 518 842 558 Sic
873 521 995 558 etiam
1025 519 1133 560 Flor.
1181 523 1218 558 si
1246 523 1438 563 inimicus.
1479 520 1602 564 Amb.

156 589 198 625 2.
237 584 351 625 Voss.
383 591 420 627 1.
453 592 490 626 3.
530 589 659 626 omitt.
700 588 748 627 si.
864 590 1034 627 minatus
1071 599 1173 628 anie.
1245 587 1386 644 Camp.
1431 600 1471 631 et
1510 591 1601 632 edd.

154 666 270 692 meae
295 662 386 692 aute
405 652 533 694 Stoer.
567 670 606 693 α.
630 670 681 694 m.
725 652 847 694 Goth.
880 670 957 695 om.
986 667 1087 697 ante.
1176 656 1309 696 eodem
1337 656 1438 699 loco.
1475 648 1602 700 Amb.

160 723 198 760 1.
227 723 344 760 inser.
378 723 431 758 in.

269 788 306 837 §.
342 792 405 828 11.
464 799 553 828 sunt
581 813 637 820 —
666 791 824 845 utrique.
883 790 994 831 Haec
1020 793 1169 831 omittit
1197 789 1323 830 Amb.
1346 795 1384 831 1.
1479 794 1604 846 parii.

155 852 280 895 Amb.
308 860 345 894 1.
373 859 540 909 parlim,
579 858 650 897 sed
678 860 730 897 im
767 873 789 897 a
818 874 896 899 sec.
926 874 982 897 m.
1098 870 1132 897 et
1162 861 1352 914 veneficii.
1412 857 1550 900 Turio.
1584 876 1606 899 a

154 936 215 974 pr.
250 937 305 961 m.
352 921 479 965 Amb,
511 931 551 966 2.
591 937 624 964 et
664 929 836 981 venefici.
908 926 1049 980 Camp.
1092 941 1173 965 om.
1219 937 1267 965 et.
1384 926 1606 967 cruditatis.

156 986 291 1029 Guelf.
333 989 457 1032 Goth.
498 992 616 1034 Voss.
649 1001 688 1035 2.
731 994 987 1034 crudelitatis.
1105 995 1147 1032 in
1178 1005 1346 1048 pectore.
1404 993 1530 1035 Aan.
1566 1000 1604 1035 1.

154 1068 401 1110 auspeciore,
431 1063 710 1114 supperaddita
740 1078 880 1112 cruce,
912 1065 1024 1115 signo
1050 1062 1202 1101 mendi.
1263 1072 1489 1116 anspeciore
1517 1061 1607 1102 Tu-

154 1127 226 1166 110.
259 1141 281 1165 a
308 1143 368 1180 pr.
397 1143 452 1167 m.
569 1132 609 1168 in
640 1146 723 1183 quo.
781 1129 849 1169 Sic
881 1132 1003 1168 etiam
1025 1128 1134 1168 Flor.
1165 1126 1292 1168 Amb.
1315 1135 1354 1170 2.
1387 1129 1478 1170 Par.
1505 1135 1541 1170 1.
1567 1137 1605 1171 2.

157 1198 197 1234 3.
308 1195 480 1249 per-inde.
540 1195 665 1236 Amb.
690 1202 726 1237 1.
759 1213 918 1251 quoque
946 1196 1121 1251 proinde.

271 1263 310 1312 ᾗ.
342 1268 407 1305 12.
468 1264 642 1318 quidem,
685 1265 753 1304 secl
782 1282 855 1305 non
887 1282 968 1307 nec.
1027 1263 1154 1305 Amb.
1187 1270 1224 1305 1.
1256 1263 1393 1304 Turlc.
1426 1279 1449 1303 a
1468 1281 1528 1318 pr.
1549 1280 1605 1306 m.

158 1330 312 1383 quidem
343 1347 419 1370 non
455 1334 531 1370 sint
568 1349 673 1381 nea,
727 1348 749 1372 a
785 1349 863 1373 sec.
902 1348 956 1373 111.
999 1350 1034 1387 q.
1075 1343 1110 1371 et
1140 1349 1215 1372 non
1244 1335 1320 1371 sint
1350 1348 1430 1372 nec.
1489 1330 1607 1374 Ahn.

157 1414 195 1451 q.
229 1414 302 1438 non
332 1409 420 1437 sunt
450 1415 529 1440 nec.
598 1399 710 1441 Flor.-
749 1417 787 1455 q.
826 1400 894 1440 setl
934 1417 1008 1439 non
1046 1404 1124 1440 sint
1161 1417 1242 1440 nec.
1359 1399 1607 1440 Atalantam.

155 1463 284 1506 Amb.
318 1471 355 1506 1.
394 1465 532 1506 Turio.
571 1466 680 1508 Flor.
719 1467 845 1508 Amb.
877 1474 916 1508 2.
961 1468 1186 1508 atalantem.
1245 1466 1367 1508 Goth.
1408 1467 1611 1508 Athalan-

157 1531 279 1573 iham.
352 1532 486 1573 Guelf.
528 1534 637 1575 Jens.
679 1535 819 1589 Camp.
858 1535 1135 1575 Athalantam.
1201 1534 1321 1575 Voss.
1355 1539 1395 1574 3.
1433 1535 1610 1575 Athlan-

157 1609 245 1639 iem.
367 1601 520 1651 Quodsi
562 1607 813 1657 receperimus
842 1620 987 1643 vereor.
1045 1602 1171 1643 Aan.
1208 1608 1246 1642 1.
1293 1618 1365 1657 quo
1398 1604 1434 1640 si
1463 1606 1610 1657 recipe-

160 1683 281 1706 rzmus
309 1684 413 1708 vero.

274 1736 310 1785 §.
356 1741 421 1776 13.
490 1737 772 1790 Areopagitae.
843 1735 979 1778 Guelf.
1027 1735 1173 1790 Camp.'
1218 1734 1317 1776 Loc.
1364 1735 1473 1775 Ven.
1515 1734 1610 1777 Ald.

157 1800 433 1856 Ariopagiiae.
561 1805 852 1846 damnaverunt.
920 1804 1046 1845 Aan.
1091 1810 1128 1844 1.
1165 1811 1203 1845 2.
1244 1804 1352 1844 Flor.
1395 1802 1529 1844 Guelf.
1572 1815 1610 1845 et

159 1867 265 1909 Edd.
298 1886 319 1909 a
348 1871 457 1911 Jells.
491 1872 539 1910 ad
568 1871 667 1912 ΑΜ.
699 1873 981 1912 damnaverint.
1069 1875 1323 1911 coturnicum.
1376 1869 1497 1911 Goth.
1522 1889 1612 1911 (Ὄν-

159 1939 301 1977 nicum.
419 1951 620 1980 eruentem.
679 1940 804 1979 Amb.
831 1946 846 1979 1
872 1940 1088 1995 fatentem.
1149 1939 1286 1979 Turic-
1318 1954 1339 1981 ξι
1360 1955 1419 1992 pr.
1440 1939 1613 1996 lmj'er—

161 2015 327 2054 ventem,
378 2021 398 2044 a
428 2023 505 2046 sec.
540 2023 595 2047 m.
621 2007 828 2064 flreniem.
887 2006 1021 2047 Guelf.
1067 2022 1088 2046 a
1116 2023 1176 2060 pr.
1215 2022 1272 2047 m.
1306 2018 1539 2055 cernentem,
1588 2024 1611 2047 a

160 2085 239 2111 sec.
280 2088 336 2112 m.
378 2085 601 2115 cernentem.
676 2075 786 2114 aliud
820 2075 1032 2129 judicasse.
1090 2074 1216 2115 Aan.
1250 2080 1287 2114 1.
1328 2073 1463 2114 Turio.
1501 2075 1610 2115 Flor.

162 2138 424 2192 adjudicasse.
541 2142 758 2197 nzuhisque.
819 2143 937 2183 Voss.
963 2148 1000 2182 3.
1044 2141 1184 2195 Camp.
1217 2141 1361 2181 multis.
1477 2141 1614 2195 Spurii

164 2206 311 2245 Maelii
337 2233 392 2239 -—
421 2209 591 2249 Manlii
658 2210 783 2252 Amb.
815 2217 855 2251 2.
898 2210 1023 2266 Spuri
1060 2210 1169 2250 Meli
1195 2235 1252 2242 --
1290 2208 1441 2249 Manli.
1557 2220 1612 2249 est

164 2276 283 2312 carisi.
341 2275 431 2317 Γπ.
461 2283 502 2318 2.
536 2293 691 2332 quoque
710 2277 802 2335 ficit
832 2281 948 2317 exist.

277 2344 313 2394 §.
348 2345 413 2383 14.
450 2344 730 2401 familiari.¹er.
782 2344 904 2388 Goth.
926 2346 1043 2386 Voss.
1068 2344 1416 2402 2.familiariiale.
1473 2343 1610 2397 Camp.

160 2409 441 2464 fimniliaritas.
559 2429 632 2451 am.
664 2416 742 2453 uli:
796 2425 834 2452 ut
862 2413 971 2469 sort.
1027 2411 1153 2453 Amb.
1190 2417 1227 2452 1.
1270 2411 1377 2451 Flor.
1411 2426 1433 2450 a
1466 2427 1525 2465 pr.
1555 2427 1611 2451 m.

168 2479 286 2515 etium
325 2495 401 2517 am.
443 2489 510 2517 aut
537 2479 643 2535 sort.
701 2479 828 2521 Amb.
860 2487 898 2520 2.
939 2495 1098 2535 quoque
1129 2496 1205 2519 am.
1235 2481 1293 2518 uri
1317 2478 1414 2533 fort.
1526 2478 1613 2517 vul-

169 2559 264 2580 aum.
322 2547 442 2585 Amb.
469 2551 505 2586 1.
545 2546 706 2588 volsum.
821 2547 1014 2603 fractum.
1082 2546 1217 2590 Turio.
1257 2545 1363 2585 Flor.
1410 2562 1432 2585 a
1465 2562 1522 2599 pr.
1556 2561 1609 2586 m.

158 2608 355 2664 fructum.
478 2623 512 2652 εἰ
546 2631 698 2668 parum.
765 2612 892 2656 Amb.
925 2620 961 2655 l.
1006 2615 1112 2655 Flor.
1154 2629 1312 2669 quoque
1355 2624 1421 2654 cuti
1457 2630 1624 2668 parum.-
