1721 2974
207 161 286 198 192
650 153 927 210 Supplcmcnta
955 156 1218 195 annotationis

204 270 372 310 deretur.
490 271 560 323 qui
589 285 614 308 a
639 285 679 307 se
706 267 814 307 Flor.
847 265 986 320 Camp.
1017 265 1130 307 Sich.
1191 269 1281 323 quia
1301 285 1354 310 se.
1434 271 1653 329 fateretur,

200 338 325 378 Amb.
361 342 402 378 2.
445 333 581 377 Guelf.
621 334 740 375 Voss.
776 339 812 373 1.
852 332 977 374 Bern.
1016 333 1120 374 Bad.
1161 334 1315 377 Cervic.
1362 336 1537 394 fatetur.

197 404 455 461 praejudicio.
505 404 614 444 Jens.
645 400 746 445 Loc.
779 399 888 439 Ven.
921 400 1076 442 Cervic.
1108 400 1239 443 Coliu.
1265 412 1305 442 et
1326 407 1395 443 alii
1417 420 1480 458 ap.
1509 405 1651 449 Burm.

196 473 542 528 praejudicalionc.
672 468 739 508 Cn.
771 467 909 522 Pomp.
952 468 1091 522 Camp.
1136 469 1210 510 Gn.
1242 470 1380 526 Pomp.
1491 485 1654 528 propter

199 541 383 595 aliquam.
415 539 539 578 Amb.
565 542 601 576 1.
663 545 821 589 praeler
853 535 996 585 aliam,
1032 542 1225 590 posterius
1255 554 1350 578 cum
1385 538 1494 579 Flor.
1525 539 1649 582 Amb.

201 616 222 636 0
302 607 511 661 [Ceterum
539 606 671 642 miuus
711 604 954 643 considerate
985 604 1241 658 Spaldingius
1283 609 1418 647 statim
1449 608 1497 646 de
1527 611 1652 648 corri-

199 641 237 649 ‚o-

196 677 327 729 geudo
358 678 445 713 loco
477 673 664 723 cogitasse
695 672 877 723 videtur,
917 673 1025 725 quod
1053 677 1224 713 nesciret
1263 677 1372 725 cujus
1402 678 1529 728 gratia
1559 683 1652 716 mo-

196 753 286 783 tum
315 739 388 782 Cn.
422 740 660 791 Pompejum
703 739 862 777 diceret.
930 738 1046 779 Certa
1091 742 1257 795 quidem
1298 745 1526 782 testimonia
1565 758 1651 782 non

196 820 310 860 sunt,
343 809 412 848 sed
442 809 558 845 facile
590 815 648 845 est
681 808 873 859 suspicari
901 803 1024 859 Appii
1053 808 1232 859 Pulchri,
1264 811 1391 848 fratris
1420 810 1467 850 P.
1502 809 1648 861 Clodii,

193 895 273 933 quo
291 877 502 928 Pompejus
535 877 662 913 amico
694 875 894 924 utebatur,
923 883 962 913 et
993 877 1132 929 utique
1154 879 1273 915 totius
1304 880 1431 929 gentis
1456 877 1649 918 Claudiae

195 955 285 985 tum
315 941 650 997 potentissimae]
760 940 951 994 judicium
982 942 1184 983 militibus.
1219 943 1354 983 Turio.
1388 943 1495 984 Flor.
1522 943 1646 985 Amb.

193 1019 232 1053 1.
289 1010 424 1051 Guelf.
471 1009 587 1050 Alm.
631 1008 770 1061 Camp.
818 1011 957 1048 inserr.
999 1013 1140 1061 etiam,
1186 1009 1306 1050 Voss.
1349 1016 1386 1051 1.
1429 1017 1467 1051 3.
1513 1015 1645 1052 omitt.

190 1083 314 1134 prius.
432 1080 640 1117 clauserat.
698 1075 824 1116 Amb.
860 1081 896 1115 1.
932 1082 972 1116 2.
1006 1074 1165 1125 Guelf.,
1204 1079 1293 1117 edd.
1327 1094 1350 1117 a
1378 1078 1486 1118 Jens.
1518 1094 1643 1133 usque

193 1150 244 1189 ad
271 1147 380 1187 Ven.
410 1145 512 1185 Bad.
547 1144 700 1185 Cervic.
735 1145 916 1185 cluserat.
989 1143 1110 1185 Goth.
1142 1145 1346 1194 'elusor-at,
1405 1161 1490 1185 11011
1519 1145 1648 1185 cluse-

198 1227 274 1264 rat,
308 1215 419 1269 quod
458 1211 579 1253 Gesn.
614 1214 703 1260 dat,
742 1216 839 1252 item
870 1212 982 1253 Sich.
1100 1216 1313 1266 tamqnam.
1356 1212 1494 1253 Turic.
1535 1212 1644 1254 Flor.

190 1295 319 1322 wmcn
349 1297 477 1336 quam.
577 1282 612 1318 ei
637 1283 845 1321 sinzerctur.
897 1280 964 1320 Sic
993 1278 1114 1319 Amb.
1140 1285 1175 1319 1.
1224 1282 1494 1319 aestimaretur
1522 1283 1646 1320 etialn

189 1351 317 1392 Amb.
351 1355 391 1390 2.
430 1348 521 1388 Par.
556 1354 594 1388 1.
635 1347 747 1388 Sich.
812 1348 969 1401 [Spald.
1006 1357 1123 1387 notae
1154 1357 1306 1400 exeget.
1346 1363 1441 1387 suae
1472 1348 1640 1398 adjecit:

189 1418 300 1459 Vide
329 1417 377 1455 de
407 1417 469 1455 1115
499 1419 796 1470 quaestionibus
820 1415 1054 1455 Manutium
1078 1416 1129 1454 ad
1159 1424 1255 1455 orat.
1288 1431 1329 1468 p.
1359 1414 1448 1455 Mil.
1472 1420 1497 1455 3
1527 1415 1638 1467 init]

306 1485 342 1534 §.
371 1488 439 1524 26.
501 1483 610 1535 Ergo
641 1483 726 1524 hae.
790 1482 924 1524 Guelf.
955 1483 1066 1524 Sich.
1102 1495 1193 1535 ergo
1215 1482 1448 1536 hujusmodi.
1561 1485 1641 1521 vim

187 1554 378 1610 prooemii
423 1565 612 1590 converso
653 1552 792 1590 ordine
834 1550 974 1604 Camp.
1103 1550 1338 1590 obtinebant.
1409 1549 1478 1590 Sic
1519 1552 1641 1589 etiam

190 1622 316 1663 Aan.
349 1624 386 1659 1.
420 1628 459 1657 et
486 1618 593 1657 Flor.
626 1632 648 1656 a
676 1634 736 1670 pr.
766 1634 846 1669 m.‚
877 1620 948 1657 sed
978 1634 1000 1657 a
1029 1634 1107 1658 sec.
1138 1633 1194 1657 m.
1229 1626 1268 1656 et
1305 1616 1432 1657 Amb.
1463 1623 1503 1658 2.
1536 1617 1641 1656 obti-

188 1690 342 1729 nebunt.
441 1701 569 1723 omncs
592 1684 777 1737 judicem.
810 1685 947 1725 Turio.
977 1685 1085 1724 Flor.
1109 1683 1221 1724 AJm.
1282 1700 1430 1724 omnem
1451 1683 1635 1736 judicem.

295 1754 466 1809 judicem
501 1762 797 1805 praepararent.
853 1751 921 1791 Sic
946 1756 1067 1791 etiam
1096 1751 1222 1790 Aan.
1252 1755 1288 1790 1.
1341 1749 1492 1803 judices
1519 1767 1640 1804 prae-

184 1831 425 1880 paraverunt
456 1818 590 1860 Guelf.
705 1818 786 1858 Secl
810 1836 883 1873 pro
917 1818 1092 1859 Vareno.
1152 1817 1218 1857 SIC
1250 1832 1408 1872 quoque
1435 1816 1563 1857 Amb.
1596 1823 1635 1858 1.

163 1896 229 1931 ‘et
266 1890 373 1930 Flor.
417 1903 439 1926 a
477 1903 537 1939 pr.
569 1902 650 1937 m.‚
693 1901 715 1924 a
755 1902 834 1926 sec.
868 1902 924 1926 m.
959 1886 1039 1925 Secl
1071 1885 1186 1924 aliter
1214 1901 1288 1938 pro
1331 1900 1406 1938 pro
1438 1900 1526 1935 reo,
1572 1887 1638 1924 cui

186 1960 458 1998 assentiuntur
487 1953 577 1994 Par.
602 1958 639 1993 1.
672 1963 710 1993 et
731 1953 842 1993 Sich.
859 1985 869 2004 ‚
900 1956 980 1992 nisi
1008 1954 1116 2006 quod
1177 1950 1338 1990 Vareno
1365 1955 1548 1991 inserunt
1571 1955 1638 1989 111-

184 2036 247 2066 ῒο1·
277 2040 350 2079 pro
382 2032 421 2061 et
451 2038 529 2061 rco.
646 2037 794 2075 quoquc
818 2032 956 2075 postca
986 2021 1180 2059 exhibent
1217 2022 1339 2058 etiam
1363 2017 1501 2058 'Ajnb.
1529 2023 1568 2058 1.
1593 2023 1635 2059 2.

186 2091 313 2142 Flor.,
340 2092 547 2142 vulgatam
575 2091 721 2128 retinet
748 2088 838 2128 Par.
865 2094 900 2128 1.
1002 2090 1186 2127 narravit
1215 2087 1311 2125 dant
1337 2100 1498 2140 quoque
1525 2084 1634 2126 Flor.

185 2159 314 2200 Aan.
344 2163 384 2198 2.
502 2171 589 2195 cum
622 2156 786 2210 objecta.
823 2154 947 2196 Amb.
983 2160 1020 2195 1.
1081 2171 1198 2209 quam
1227 2153 1303 2206 obj.
1420 2151 1524 2206 quod
1546 2154 1634 2205 fiet.

185 2225 310 2267 Amb.
340 2231 380 2266 2.
414 2223 518 2278 quod
535 2226 634 2279 flet,
676 2223 784 2264 Flor.
817 2240 854 2277 q.
873 2226 951 2278 flet
969 2225 1060 2279 flet.
1176 2223 1336 2276 quoties.
1367 2217 1489 2259 Amb.
1524 2223 1560 2258 1.
1591 2224 1634 2259 2.

186 2293 326 2334 Turic.
358 2291 467 2332 ι10113.
501 2289 600 2331 Loc.
632 2290 742 2331 Ven.
803 2294 989 2346 quotiens.
1089 2289 1398 2343 quoties--e1-it,
1428 2296 1479 2324 ut.
1508 2283 1632 2326 Amb.

189 2365 227 2399 1.
260 2361 338 2398 hoc
368 2360 526 2398 ordine:
576 2361 752 2412 quotiens
794 2376 832 2398 n.
864 2376 897 2398 r.
931 2369 958 2398 t.
991 2360 1063 2396 crit
1094 2359 1238 2396 crimen
1265 2371 1297 2395 s,
1330 2371 1362 2393 e.
1393 2352 1636 2408 tranffcren-

187 2427 302 2477 dum,
345 2438 397 2465 ul.
438 2425 544 2466 Flor.
578 2427 700 2466 Amb.
727 2433 766 2466 2.
813 2426 1000 2466 exhibet:
1054 2427 1202 2479 quotics·
1243 2438 1317 2461 non
1359 2419 1636 2474 repellendum,

189 2492 339 2547 (Aan.
377 2499 416 2533 2.
449 2492 718 2548 repetendum)
761 2505 823 2541 ui,
863 2494 1050 2547 idemque
1079 2491 1195 2531 VOSS.
1230 2494 1268 2529 1.
1301 2490 1339 2528 3.
1379 2486 1527 2536 Bern.³
1567 2489 1640 2541 qui

186 2569 321 2599 tamen
358 2563 540 2600 inserunt
578 2572 727 2600 tantum
763 2570 850 2613 post
891 2558 1157 2615 repellendum.
1226 2555 1333 2596 JeDS.
1380 2552 1480 2594 Loo.
1520 2553 1630 2594 Ven.

188 2629 325 2667 insert.
359 2644 433 2667 non
469 2631 573 2668 iuter
608 2631 781 2683 quotiens
821 2638 860 2669 et
898 2631 1058 2668 crimen.
1191 2623 1251 2662 his
1288 2624 1412 2677 prius·
1480 2622 1635 2663 01111185
