1721 2974
240 142 293 182 ad
324 142 487 193 Om'mtil.
524 142 651 182 Iussit.
679 141 756 194 ῙἸ,
781 147 818 182 1.
843 144 876 196 §-
909 146 1103 183 50—55.
1145 149 1184 183 2.
1217 145 1252 196 ξ.
1278 146 1418 184 1-4.
1479 150 1561 186 319

110 272 222 297 more
240 255 470 297 Latinitatis
491 259 557 307 fit,
597 256 860 298 adversativas
888 257 1100 310 particulas
1118 258 1163 296 in
1186 260 1374 310 oppositis
1398 268 1562 299 senten-

110 329 173 366 tfis
203 325 460 377 omittentis.]

225 407 262 458 §.
284 406 351 446 54.
401 403 631 443 nauarchis.
671 401 794 444 Amb.
817 409 851 444 1.
874 406 1071 444 nauarcz's.
1162 405 1350 443 cruciatis
1370 429 1427 436 —
1447 403 1564 449 Rom.

110 472 236 513 Amb.
267 479 303 513 1.
326 473 502 512 cruciavi
520 468 571 510 R.
618 470 728 511 Flor.
749 474 856 512 eruci
878 488 912 513 c.
935 470 989 512 R.
1036 471 1123 512 Par.
1145 477 1183 512 1.
1217 474 1328 511 cruci
1351 489 1385 513 c.
1404 471 1480 522 R.,
1518 483 1565 514 ut

109 544 189 592 jam
218 540 442 594 Spaldingii
477 541 704 590 conjectura
733 542 842 579 cruci
871 542 968 580 civis
995 538 1169 580 Romani
1204 542 1333 594 ipsam
1363 544 1563 595 scriptoris:

110 623 277 648 manum
303 611 526 660 exprimere
552 607 750 647 videatur.

222 689 258 740 §.
295 691 360 728 55.
421 683 643 738 ἐπιλόγους.
698 684 824 725 Amb.
849 690 886 726 1.
916 688 1126 734 επιλοκοις.
1177 685 1318 741 Camp.
1341 690 1563 737 επιλοκους.

191 766 323 811 partes
353 757 446 808 ejus,
498 753 637 793 Turio.
669 767 690 792 a
715 769 772 806 pr.
792 768 846 793 m.
873 756 1002 807 patris
1027 757 1120 808 ejus.
1235 766 1270 794 et
1291 756 1448 811 epilogi.
1496 757 1565 797 Sic

107 826 228 864 etiam
258 823 366 863 Flor.
400 822 490 862 Par.
521 826 556 860 1.
672 823 772 875 ipsa.
822 819 950 861 Amb.
977 826 1014 862 1.
1045 826 1147 876 ipse,
1194 838 1218 863 a
1246 839 1324 864 sec.
1358 840 1414 866 m.
1445 827 1566 880 ipsae,

107 907 200 933 cum
221 890 358 931 Turio.
405 942 409 944 V
460 891 664 930 orationis.
718 888 846 930 Amb.
873 894 910 928 1.
938 888 1046 929 Flor.
1067 893 1192 931 etiam
1212 894 1391 934 rationis.

686 1057 718 1099 C
750 1072 779 1098 A
811 1073 850 1098 ι».
916 1055 979 1099 ΙΙ.

221 1175 259 1226 §.
294 1180 331 1214 1.
391 1175 456 1213 sit.
505 1171 633 1213 Amb.
668 1176 706 1213 1.
745 1170 881 1212 Turic.
911 1186 933 1210 a
959 1187 1018 1225 pr.
1045 1186 1100 1211 m.
1131 1170 1238 1213 Flor.
1274 1176 1478 1217 omittunt.

107 1254 266 1284 constet.
319 1241 458 1282 Turic.
490 1250 530 1281 et
547 1240 656 1281 Flor.
681 1255 704 1279 a
723 1255 782 1293 pr.
807 1255 863 1279 m.
886 1249 1052 1280 constat.
1161 1240 1208 1279 de
1237 1241 1308 1281 his.
1361 1242 1499 1298 Camp.
1519 1245 1566 1284 de

105 1315 169 1353 iis,
257 1310 407 1366 quidem
429 1312 557 1349 istum.
607 1307 748 1362 Camp.
774 1323 854 1348 om.
960 1310 1284 1362 potentissimum.
1332 1310 1471 1354 Turio,
1491 1330 1566 1368 po-

105 1381 364 1426 tentissimus,
406 1394 427 1417 a
448 1394 526 1418 sec.
550 1392 605 1417 m.
624 1387 796 1431 potentes
821 1377 954 1416 simus.
1056 1393 1177 1430 supra
1200 1377 1331 1419 (lictis.
1371 1379 1500 1421 Amb.
1526 1387 1564 1422 1.

104 1447 244 1488 Turio.
271 1462 294 1486 a
314 1463 374 1501 pr.
397 1461 453 1488 m.
485 1462 599 1500 super
619 1444 658 1485 d.
780 1442 998 1501 difficilius.
1047 1442 1188 1485 Turio.
1223 1460 1246 1486 a
1274 1462 1334 1501 pr.
1366 1461 1422 1488 ln.
1455 1448 1564 1490 Flor-

105 1515 296 1574 (ἶξθῖοἰῖἰε.

219 1599 254 1648 §.
284 1600 324 1636 2.
381 1609 591 1649 possemus·
638 1590 706 1632 Sic
728 1593 849 1631 etiam
869 1590 984 1632 Sich.
1084 1601 1221 1632 totam.
1263 1591 1403 1636 Turio.
1428 1606 1564 1638 totum.

219 1675 252 1726 ᾧ.
282 1679 321 1714 3.
380 1672 433 1713 acl
443 1671 625 1729 frugem.
661 1670 774 1711 Jens.
794 1679 832 1711 et
856 1672 948 1712 edd.
970 1679 1063 1711 ante
1085 1669 1185 1711 Ald.
1206 1674 1400 1714 omittunt
1420 1674 1486 1716 αιῖ.

102 1742 292 1798 aliquam.
347 1739 471 1799 GOth:
495 1739 676 1795 aliquem.
794 1741 863 1794 qui
891 1756 922 1778 s.
956 1757 998 1794 p.
1031 1756 1144 1794 quae.
1191 1738 1330 1781 Turio.
1363 1757 1386 1780 a
1416 1758 1477 1796 pr.
1506 1759 1563 1784 111.

102 1814 195 1866 quia
215 1827 243 1849 s.
261 1812 492 1864 peritaeque.
595 1807 794 1848 hactenus.
851 1806 992 1848 Turio.
1024 1818 1197 1849 actenus.
1304 1809 1408 1863 quod
1427 1814 1566 1852 sentio.

103 1877 242 1918 Turio.
265 1892 287 1915 a
307 1893 367 1930 pr.
387 1892 442 1916 m.
466 1878 558 1930 quia
580 1892 611 1915 s·
661 1873 785 1916 Goth.
808 1875 904 1930 quid
921 1893 953 1916 s.
1071 1875 1222 1916 diserti.
1273 1875 1383 1918 Jens.
1408 1878 1564 1920 deserti.

189 1961 344 1984 causas·
403 1941 527 1983 Amb.
556 1948 594 1983 1.
634 1942 743 1983 Flor.
784 1946 907 1983 etiffln
943 1959 1125 1993 causam,
1188 1944 1323 1999 [quod
1359 1949 1566 1999 probabile

103 2014 284 2063 videtur,
323 2026 574 2066 quamquam
591 2026 736 2064 parum
754 2013 888 2051 refert.
949 2008 1238 2064 Imperfectum
1258 2028 1353 2053 vero
1368 2045 1378 2064 ‚
1419 2016 1462 2053 in
1483 2030 1565 2069 quo

103 2081 243 2135 Spald.
272 2081 462 2128 offendit,
504 2094 592 2117 eam
611 2082 659 2118 ob
680 2094 842 2118 causam
864 2076 1010 2130 Quint.
1034 2080 1193 2119 videtur
1215 2083 1414 2133 posuisse,
1454 2084 1566 2137 quod

100 2153 205 2192 illud
234 2164 318 2188 non
343 2150 425 2187 fere
454 2150 576 2186 moris
604 2149 682 2186 fuit
713 2149 817 2186 inter
845 2156 1038 2196 oratores,
1078 2157 1125 2187 ut
1153 2150 1252 2187 alter
1277 2152 1433 2200 jejunus
1458 2151 1566 2190 nihil

101 2223 179 2260 nisi
210 2232 372 2259 causam
409 2216 569 2255 doceret
600 2231 692 2255 vere
726 2215 931 2255 disertum.
991 2212 1096 2256 Item
1138 2217 1250 2271 quod
1278 2220 1458 2272 sequitur
1490 2235 1565 2273 quo

103 2289 210 2328 dicto
241 2301 324 2326 11011
359 2299 430 2338 ego
460 2294 544 2324 tam
565 2286 741 2323 insolens
763 2286 947 2323 existimo
961 2313 973 2333 ,
1018 2292 1064 2323 ut
1080 2287 1276 2338 corrigere
1297 2287 1433 2326 invitis
1452 2289 1565 2328 libris

101 2360 223 2397 velim
237 2387 247 2406 ,
281 2363 338 2394 est
361 2356 471 2393 euim
489 2368 560 2406 pro
588 2352 725 2407 quibus
746 2352 886 2402 verbis,
921 2368 996 2407 qua
1016 2353 1234 2405 oratione]
1319 2364 1355 2393 et
1374 2356 1413 2393 in
1440 2371 1562 2409 quem.

106 2423 229 2466 Goth.
252 2439 331 2463 om.
353 2425 407 2462 in.
497 2423 551 2477 fl.
571 2432 606 2459 ct
626 2423 746 2461 irasc.
793 2418 916 2461 Amb.
940 2425 977 2461 1.
1004 2423 1154 2462 omittit
1172 2424 1294 2461 etiam
1313 2433 1361 2462 et.

213 2508 245 2556 §.
276 2504 315 2543 4.
374 2502 515 2557 Atqui.
567 2499 635 2542 Sic
652 2498 776 2541 Aan.
801 2505 839 2540 1.
941 2499 1179 2540 dominatur.
1226 2499 1356 2542 Amb.
1380 2506 1417 2542 1.
1449 2500 1561 2543 Flor.

104 2570 216 2613 Sich.
255 2574 377 2611 etiam
416 2571 647 2612 dominetur.
763 2584 819 2608 ex
851 2585 886 2610 c.
918 2580 951 2608 et
978 2585 1068 2624 pro.
1127 2567 1268 2611 Tmic.
1297 2584 1321 2610 a
1346 2585 1407 2625 pr.
1437 2584 1492 2610 m.
1525 2580 1562 2610 et
1609 2617 1611 2619 Ι

105 2655 226 2680 causa
247 2655 332 2694 pro-
