1757 2979
224 137 302 175 440
663 133 935 189 Supplcmenta
962 134 1223 174 annotationis

343 245 380 295 §.
414 246 507 285 164.
569 262 659 285 rem.
684 256 831 299 raptus,
878 243 945 284 Sic
972 243 1062 285 Par.
1094 250 1131 286 1.
1155 251 1195 286 2.
1218 249 1255 285 6.
1342 242 1476 298 Neque
1495 221 1552 283 en.
1573 245 1664 283 mir.

235 312 302 352 Sic
326 311 416 353 l'ar.
439 319 476 353 2.
502 317 540 352 6.
930 327 933 331 ·

348 380 385 430 §.
419 384 509 419 166.
564 378 722 432 judici&
765 377 832 418 Sic
851 377 942 419 Par.
968 385 1005 419 1.
1028 386 1067 421 2.
1096 385 1134 420 6.

349 452 383 500 §.
419 452 512 486 167.
570 445 673 485 Iam.
714 444 781 485 Sic
808 445 966 485 Parum
996 452 1035 488 2.
1065 452 1102 487 6.
1162 445 1475 502 [Resupinantur
1507 445 1670 486 omnino

240 529 331 554 mun
364 513 598 566 Spaldingio
633 514 909 563 scribendum,
958 517 1036 554 nisi
1063 516 1164 554 forte
1207 518 1304 554 velis
1345 516 1524 568 resupina
1551 514 1674 567 fiant.

241 581 344 623 Nam
373 583 449 619 tale
469 579 566 632 quid
587 583 760 631 postulat
788 580 969 633 sensim]

356 647 391 696 §.
427 649 519 685 171.
568 644 718 700 faciet.
766 650 832 687 Sic
861 647 951 688 Par.
985 653 1021 689 1.
1041 655 1079 689 2.
1103 655 1141 689 6.
1229 651 1438 689 imitamur.
1489 645 1556 688 Sic
1585 645 1674 686 Par.

248 720 283 754 1.
320 720 344 754 2

356 781 390 832 §.
425 783 518 819 172.
576 790 795 820 testaretur.
836 781 903 822 Sic
923 782 1012 823 Par.
1036 789 1073 823 6.
1125 784 1377 823 detestaretur
1403 781 1493 823 Par.
1523 786 1558 821 1.
1586 787 1624 826 2.

355 849 392 898 §.
426 850 518 886 175.
579 845 781 886 ‘licendum
801 859 871 888 est.
920 849 987 889 Sic
1008 850 1098 890 Par.
1122 856 1158 890 1.
1181 857 1219 891 2.
1245 855 1282 890 6.

430 917 524 954 177.
584 930 702 968 neque
720 939 776 945 —-
797 932 924 970 neque.
972 916 1063 957 Par.
1091 923 1126 957 1.
1155 923 1193 957 2.
1216 933 1283 957 nec
1304 940 1360 947 -—
1381 932 1458 956 nec.

363 982 395 1032 ᾗ.
430 985 521 1021 178.
581 980 816 1022 Stratoclea.
859 983 926 1024 Sic
955 983 1044 1024 Par.
1071 990 1107 1023 1.
1131 990 1170 1024 2.
1194 989 1231 1023 6.

363 1055 399 1098 ᾖ.
433 1052 525 1088 183.
587 1052 808 1091 inotiosam.
850 1050 917 1090 Sic
935 1050 1024 1091 Par.
1048 1057 1087 1091 2.
1132 1067 1327 1090 morosam
1355 1048 1444 1089 Par.
1473 1055 1509 1089 1.
1533 1053 1572 1087 6.

364 1116 397 1166 §.
433 1116 525 1156 184.
585 1127 620 1155 et
643 1121 756 1170 exig.
796 1116 863 1157 Sic
882 1118 972 1158 Par.
998 1123 1058 1166 1.,
1106 1119 1175 1157 sed
1193 1117 1281 1158 Par.
1306 1123 1343 1157 2.
1365 1119 1483 1156 inser.
1506 1118 1601 1169 jam.

469 1310 1482 1337 *vv—*W

792 1489 944 1531 LIB.
1002 1474 1161 1531 'XIL

691 1615 1272 1660 PROOEMIUM.

373 1715 409 1766 §.
440 1721 480 1756 2.
539 1718 682 1771 majori
700 1743 754 1749 —
773 1717 872 1758 mole
886 1735 1056 1772 premar.
1087 1718 1154 1760 Sic
1172 1716 1263 1758 Par.
1288 1722 1323 1757 1.
1361 1719 1487 1770 major
1507 1742 1561 1750 —-
1579 1717 1698 1759 moles

260 1793 411 1836 premat
439 1783 529 1824 Par.
553 1790 594 1825 2.
620 1789 656 1825 6.

378 1852 415 1901 §.
447 1854 485 1892 4.
541 1851 642 1891 velut
662 1855 829 1893 tutioris.
878 1852 969 1894 Par.
990 1859 1029 1894 2.
1051 1863 1086 1891 et
1105 1863 1174 1893 tut.
1221 1852 1313 1892 Par.
1336 1857 1374 1892 1.
1423 1852 1542 1892 veluti
1561 1855 1698 1893 omnis.

352 1917 565 1958 audentiae.
612 1919 701 1960 Par.
732 1926 769 1961 1.
788 1925 825 1959 6.
847 1920 1082 1960 audientiae.
1125 1919 1281 1961 Parq2.
1301 1919 1504 1960 audaciae.

855 2030 1014 2072 CAP.
1082 2029 1117 2071 J.

381 2123 415 2168 §.
450 2125 484 2159 1.
545 2124 697 2174 etipsa.
736 2120 803 2161 Sic
824 2120 914 2162 Par.
943 2128 981 2162 1.
1005 2128 1043 2162 2.
1097 2132 1132 2160 et
1163 2124 1288 2175 ipsam
1314 2120 1403 2161 Par.
1435 2125 1473 2160 6.
1560 2135 1703 2175 nosque

271 2187 357 2237 ipsi.
398 2183 464 2225 Sic
482 2185 571 2228 Par.
598 2193 633 2227 1.
657 2195 694 2228 2.
714 2195 751 2229 6.
844 2200 1125 2243 comparamus.
1165 2188 1233 2229 Sic
1251 2187 1340 2229 Par.
1357 2193 1395 2229 6.
1439 2203 1703 2242 comparemus

268 2249 356 2292 Par.
385 2257 422 2293 1.
449 2259 488 2293 2.

382 2320 418 2369 §.
451 2327 490 2360 2.
550 2323 589 2361 in
607 2340 668 2372 eo,
701 2341 783 2378 quo.
833 2324 920 2365 I‘ar.
955 2329 990 2363 1.
1022 2329 1061 2364 2.
1097 2326 1121 2362 i.
1145 2340 1176 2363 e.
1202 2322 1316 2377 quod.
1747 2373 1753 2379 ι

383 2388 418 2437 §.
454 2392 493 2426 3.
551 2389 705 2430 malent.
753 2390 842 2431 Par.
864 2395 901 2430 6.
924 2389 1094 2430 mallent.
1138 2389 1227 2431 Par.
1250 2396 1289 2431 1.
1310 2396 1351 2431 2.
1371 2388 1533 2430 malunt.
1621 2404 1705 2427 cum

275 2453 326 2490 in.
367 2452 434 2493 Sic
456 2453 546 2496 Par.
570 2461 606 2496 1.
634 2461 671 2497 6.
720 2461 845 2512 quiin
864 2457 953 2498 Par.
975 2464 1014 2498 2.
1033 2473 1109 2498 sec.
1132 2472 1187 2498 m.

387 2522 423 2569 §.
457 2517 494 2561 6.
554 2533 587 2562 et
605 2524 689 2565 illa.
736 2524 802 2565 Sic
827 2524 915 2565 Par.
942 2531 978 2565 1.
1000 2530 1039 2566 2.
1097 2533 1103 2537 '
1139 2524 1378 2579 perturbant.
1427 2523 1517 2564 Par.
1546 2528 1584 2563 1.
1607 2527 1645 2563 2.
1667 2526 1704 2561 6.

273 2587 506 2637 perturbent.
