1721 2974
202 159 283 197 212
650 155 928 210 Supplemenm
957 158 1222 196 annotationis

317 270 555 325 supet-iorum
582 279 709 309 testes.
763 267 899 309 Turio.
922 283 945 307 a
971 283 1031 321 pr.
1052 283 1109 309 m.
1142 272 1319 324 superior
1345 281 1372 312 t.
1397 287 1491 313 cum
1518 272 1648 316 Amb.

206 350 272 394 2.,
301 342 370 381 sed
400 355 423 379 a
450 354 527 377 sec.
559 352 614 375 m.
653 337 893 390 superiorum
920 339 1042 376 testis.

320 412 355 462 ξ.
398 410 491 447 106.
558 403 694 442 Sermo
732 418 822 441 vcro
860 418 1030 442 aversus.
1101 403 1169 444 Sio
1199 407 1321 444 etiam
1351 403 1458 447 Flor.
1509 401 1649 449 Omis-

207 483 256 521 tit
285 492 375 516 vcro
405 476 526 512 etiam
553 470 644 509 Par.
673 470 712 508 4.
763 469 899 510 Sermo
927 487 1060 510 versus
1089 481 1244 525 praeter
1279 482 1428 513 ceteros
1458 475 1652 515 exhibent

206 551 307 587 item
345 542 470 583 Amb.
510 544 549 578 2.
588 536 709 576 Voss.
742 541 779 576 1.
811 542 850 577 3.
894 537 1019 579 Bern.
1058 539 1149 580 Par.
1185 545 1219 579 1.
1248 546 1288 580 2.
1320 545 1360 580 3.
1484 543 1651 582 brevius.

207 614 345 654 Turio.
375 609 478 649 Flor.
512 604 649 657 Camp.
687 602 822 644 Guelf.
853 604 975 647 Bern.
1015 606 1140 647 Amb.
1163 613 1201 647 2.
1231 606 1351 647 Voss.
1383 623 1495 648 omn.
1524 607 1649 649 Goth.

209 682 350 721 brevis.
472 674 653 724 coarguit
690 675 833 724 magis.
900 672 1034 715 Guelf.
1072 674 1190 714 Voss.
1223 679 1260 714 1.
1294 679 1331 714 3.
1373 673 1497 716 Bern.
1537 675 1652 717 Sich.

201 750 340 790 omitt.
378 743 518 796 magi&
575 739 684 780 Jens.
725 736 826 779 Loc.
865 739 974 781 Ven.
1016 743 1146 795 arguit
1176 744 1302 793 magis
1332 744 1500 784 inierim⁴
1550 742 1653 783 ΑΜ.

209 814 313 856 Bad.
349 810 501 851 Cervic.
533 806 664 847 Colin.
697 822 831 860 coar-g.
860 811 987 861 magis
1017 810 1183 848 inierim.
1247 807 1372 849 Goth.
1402 802 1510 851 Flo‘r.
1534 826 1652 850 asec-

208 897 265 922 Jn.
304 879 428 919 Amb.
451 883 491 917 2.
520 876 641 916 Voss.
672 880 708 915 3.
739 891 874 928 com-g.
906 878 1077 915 interim,
1192 893 1269 930 qua
1294 876 1340 915 tle
1370 894 1423 917 rc.
1461 877 1587 917 Amb.
1613 883 1652 917 1.

210 950 257 989 (lc
287 964 363 1002 qua
390 962 444 984 re.
501 944 607 984 Flor.
640 957 662 982 a
690 958 750 996 pr.
777 959 832 982 m.
865 960 962 997 quae
989 943 1036 981 cle
1067 959 1120 994 re,
1152 946 1220 983 cui
1247 945 1436 997 adjungas
1463 943 1589 984 Amb.
1610 951 1652 986 2.

208 1032 286 1072 qua
306 1014 414 1053 eslere
445 1013 622 1051 dantem.
736 1010 850 1058 izlcm,
882 1009 985 1064 quocl
1013 1009 1060 1048 <Ie
1083 1027 1149 1064 pr.
1195 1010 1321 1051 Amb.
1347 1016 1382 1051 1.
1404 1015 1430 1053 i.
1459 1029 1496 1066 q.
1520 1015 1561 1050 in
1585 1029 1651 1066 pr.

207 1083 345 1124 Turio.
385 1083 413 1119 i.
446 1079 549 1134 quozl
584 1081 624 1117 ιή
652 1080 814 1132 itemque
847 1079 885 1115 in
921 1094 986 1130 pr.
1031 1092 1124 1116 cum
1161 1077 1269 1117 Flor.
1313 1094 1334 1118 a
1362 1094 1422 1131 pr.
1453 1094 1531 1130 m.,
1574 1082 1653 1118 nisi

210 1151 320 1206 quod
359 1149 426 1188 hic
465 1149 613 1187 omittit
655 1147 695 1184 in
735 1154 826 1184 ante
861 1163 925 1199 pr.
968 1144 1084 1184 Ahn.
1127 1147 1155 1184 i.
1185 1163 1221 1199 q.
1255 1148 1415 1199 itemque
1435 1149 1651 1200 prooemia.

211 1218 347 1259 Guelf.
383 1230 475 1255 cum
501 1213 626 1254 Amb.
653 1218 694 1253 2.
735 1215 824 1251 item
852 1229 951 1266 quae
977 1212 1024 1250 cle
1051 1229 1115 1266 pr.
1174 1211 1363 1264 [Videtur
1391 1215 1431 1250 in
1456 1214 1653 1267 prooemio

210 1294 316 1326 recte
348 1285 519 1334 intelligi
544 1297 654 1334 posse
685 1281 733 1319 de
771 1283 884 1331 loco,
921 1282 991 1318 ubi
1021 1289 1158 1319 auctor
1190 1289 1399 1333 praecepta
1433 1281 1482 1319 de
1509 1295 1654 1333 prooe-

210 1356 293 1392 mio
321 1352 442 1399 dedit,
472 1364 548 1388 nec
576 1351 808 1401 ambiguitas
828 1348 1008 1386 timenda
1037 1347 1149 1399 esse.]
1264 1346 1463 1387 [lixa-ram..
1514 1347 1652 1387 Turio.

209 1419 316 1460 Flor.
343 1416 468 1457 Amb.
483 1422 522 1456 2.
554 1414 689 1456 Guelf.
720 1415 908 1454 dixerim.
1003 1416 1285 1469 prosopopoeia
1307 1430 1462 1468 quoque.
1510 1412 1652 1454 Turio.

209 1487 318 1527 Flor.
345 1484 461 1525 Alm.
493 1483 630 1536 Camp.
669 1486 891 1537 prosope'z'a,
923 1484 1063 1521 omisso
1094 1499 1252 1536 quoquc.
1366 1498 1441 1536 pro
1469 1482 1654 1537 Aufidia.

209 1553 347 1594 Turio.
381 1568 404 1591 a
432 1568 492 1604 pr.
528 1566 583 1590 m.
621 1549 728 1589 Flor.
774 1566 848 1604 pro
879 1560 944 1588 aut
971 1549 1096 1604 fidia.
1152 1548 1289 1589 Turio.
1320 1564 1343 1589 a
1371 1564 1448 1589 sec.
1476 1566 1532 1590 m.
1579 1565 1653 1603 pm

211 1631 280 1660 (tut
316 1619 362 1658 tle
394 1619 518 1674 fidia.
649 1633 842 1656 somnone.
908 1615 1012 1656 Flor.
1050 1619 1258 1656 somnione.
1412 1615 1653 1669 languidum.

211 1687 346 1728 Guelf.
374 1685 501 1726 Amb.
535 1690 575 1725 2.
612 1683 734 1724 Bern.
777 1684 868 1723 Par.
890 1689 930 1723 2.
954 1688 992 1722 3.
1026 1681 1150 1724 Goth.
1178 1683 1297 1723 Voss.
1329 1689 1393 1734 2.,
1432 1693 1472 1723 et
1499 1691 1654 1736 praeter

210 1756 302 1794 edd.
334 1769 398 1807 ap.
430 1752 569 1793 Burm.
610 1750 712 1791 Bad.
753 1749 909 1790 Cervic.
941 1748 1097 1803 Gryph.
1143 1750 1345 1803 languido.
1459 1750 1652 1802 lethargo.

210 1821 350 1875 Cfflnp.
385 1820 545 1872 litargo.
659 1834 895 1872 oppressum.
952 1815 1069 1857 Ahn.
1099 1817 1192 1858 Par.
1211 1824 1251 1858 2.
1280 1817 1399 1857 Voss.
1421 1823 1460 1857 2.
1490 1826 1531 1856 et
1560 1816 1652 1856 edd.

209 1888 313 1928 Bad.
343 1887 496 1928 Cel-vic..
528 1901 621 1925 cum
650 1888 704 1924 eis
731 1900 794 1938 ap.
829 1883 970 1924 Burm.
998 1900 1186 1938 pressum.
1303 1885 1371 1922 sczl
1398 1884 1467 1924 M.
1495 1900 1654 1938 quoque.

211 1954 347 1998 Guelf.
377 1953 554 1994 Amb.2.
586 1951 710 1993 Goth.
741 1963 774 1990 et
802 1951 871 1991 M.
901 1967 1061 2006 quoque.
1118 1949 1258 1993 Turio.
1289 1950 1396 1992 Flor.
1425 1954 1554 1991 omitt.
1583 1950 1654 1991 M.

322 2021 556 2061 nauarchos.
613 2019 752 2073 Camp.
784 2035 985 2058 naum-cos-
1099 2021 1297 2074 eoeposiiio
1324 2030 1396 2058 est.
1447 2017 1579 2059 Amb.
1611 2024 1654 2059 2.

211 2092 340 2130 omitt.
377 2097 448 2128 est.
564 2099 604 2127 ut
634 2087 766 2128 adeas.
820 2085 928 2126 Edd.
957 2101 1072 2126 meae
1110 2096 1202 2127 ante
1241 2085 1374 2127 Colin.
1425 2096 1468 2124 ut
1495 2085 1549 2124 ad
1575 2102 1653 2135 eas,

210 2167 366 2211 praeter
402 2155 578 2205 (ζωνία,
609 2158 679 2209 qui
709 2157 766 2194 ait
797 2155 850 2194 acl
875 2171 940 2193 cas
971 2154 1054 2194 dat.

323 2227 359 2273 §.
393 2228 487 2264 107.
546 2222 698 2261 Staleni
725 2221 931 2276 Bulbique.
989 2220 1126 2261 Turio.
1157 2219 1265 2261 Flor.
1295 2235 1318 2259 a
1348 2235 1409 2273 pr.
1438 2234 1494 2259 m.
1533 2221 1654 2258 staz'e-

210 2291 392 2346 bullique.
455 2289 582 2331 Amb.
620 2295 659 2329 1.
701 2287 796 2344 (uisi
824 2290 931 2343 quod
959 2288 1027 2328 hic
1066 2292 1185 2328 etiam
1222 2287 1397 2341 bulbique
1433 2283 1519 2341 dat)
1558 2301 1653 2325 cum

208 2358 337 2399 Amb.
367 2364 408 2399 2.
441 2355 578 2398 Guelf.
608 2356 729 2397 Voss.
749 2361 789 2396 3.
818 2355 943 2396 Bern.
972 2357 1112 2410 staieui
1141 2354 1321 2408 bullique.
1377 2351 1501 2394 Goth.
1530 2351 1652 2393 Voss.

211 2431 252 2466 2.
292 2425 402 2465 Jens.
443 2425 589 2464 scaleni
629 2424 824 2478 bulbique,
866 2426 1010 2478 quibus
1050 2413 1245 2469 aecedunt
1282 2419 1384 2462 Loc.
1423 2420 1535 2461 Ven.
1573 2424 1651 2460 nisi

210 2493 318 2545 quod
360 2491 557 2545 Bulbique
587 2491 792 2530 exhibent.
847 2489 963 2530 Alias
1000 2493 1204 2531 varietates
1233 2491 1352 2541 primi
1380 2491 1556 2527 nominis
1586 2491 1652 2527 in-

210 2562 344 2599 venies
378 2574 442 2612 ap.
471 2558 591 2599 Voss.
616 2563 655 2598 1.
681 2557 852 2614 faciem,
882 2551 1016 2597 Berm'
1036 2557 1195 2608 Ῐιαοεηί,
1226 2555 1340 2597 Sich.
1370 2554 1565 2596 Sthaleni.

211 2624 457 2667 celeritatem.
523 2624 591 2666 Sic
627 2627 750 2666 etiam
785 2624 877 2666 Par.
917 2629 954 2666 1.
983 2630 1025 2667 2.
1056 2629 1097 2666 3.
1226 2622 1452 2679 plurimum.
1511 2621 1647 2674 TurIc.
