1690 2974
444 808 490 861 ι’
538 808 590 861 R
632 807 690 896 >o
741 808 790 865 O
840 811 888 864 E
939 768 1078 864 ms·
1116 810 1167 865 υ
1221 810 1300 863 Μ.
1352 816 1370 838 »«

742 974 967 983 ...ὸ-,Λ

141 1190 450 1256 supplementa
488 1216 642 1256 operae
671 1217 774 1244 suae
814 1204 857 1243 in
891 1201 1144 1252 Quintiliani
1186 1201 1454 1242 Institutione
1493 1213 1586 1241 ora-

142 1283 249 1323 toria
278 1289 319 1320 et
351 1279 622 1319 emendanda·
644 1288 685 1322 et
711 1277 963 1332 explicanda
1002 1280 1164 1333 positae
1194 1280 1284 1332 ipse
1315 1276 1590 1333 Spaldingius

140 1358 403 1401 conficienda
440 1357 522 1397 sibi
562 1371 656 1397 esse
687 1359 828 1398 statim
859 1352 953 1411 post
990 1358 1127 1397 editos
1164 1355 1324 1411 aliquot
1359 1354 1493 1397 libros
1524 1357 1590 1395 in-

139 1438 324 1487 tellexit,
355 1445 398 1476 et
428 1437 561 1475 auctis
589 1432 779 1477 subinde
800 1437 946 1491 copiis,
978 1450 1073 1476 cum
1104 1437 1198 1490 ejus
1228 1436 1291 1475 rei
1321 1434 1588 1475 manifestior

137 1518 261 1559 fieret
300 1515 553 1565 necessita3‚
589 1516 844 1569 promissum
883 1516 1125 1555 renovavit:
1175 1512 1323 1555 verum
1338 1529 1346 1545 2·
1360 1512 1586 1554 immatura

136 1604 272 1638 morte
303 1607 526 1648 oppressus
557 1608 641 1634 non
672 1594 797 1636 modo
827 1592 1212 1649 supplementorum
1233 1591 1585 1648 colligendorum,

135 1675 211 1716 sed
251 1673 572 1726 etiam-integri
612 1674 752 1727 operis
795 1671 1048 1713 absolvendi
1076 1686 1229 1713 curam
1268 1668 1586 1723 aljis-reliquit.

135 1754 189 1795 Et
227 1751 335 1792 hanc
381 1750 548 1805 quidem
588 1758 747 1803 partem
796 1753 934 1806 operis
983 1750 1174 1792 derelicti
1212 1745 1588 1805 PhilippuseButt-

136 1845 339 1880 mannus,
372 1843 479 1884 quo,
512 1829 610 1869 dum
639 1831 683 1869 in
715 1831 824 1870 vivis
854 1838 944 1870 erat
954 1868 966 1889 ‚
1005 1829 1335 1870 familiarissime
1364 1841 1468 1868 usus
1497 1834 1588 1866 erat

139 1909 438 1966 Spaldingius,
478 1905 682 1957 absolvit3
724 1919 831 1963 quae
856 1917 1104 1964 supererat,
1133 1907 1262 1965 longe
1292 1921 1387 1948 eam
1417 1905 1589 1961 quidem

135 1987 348 2031 utiliorem
376 1975 549 2037 litteris,¹
575 1996 699 2041 quam
726 1987 1038 2041 jucundiorem,
1068 1996 1289 2043 postquam
1312 1985 1424 2041 Aug.
1444 1982 1587 2026 Wolf-

135 2068 243 2118 fius,
275 2068 320 2106 iu
352 2063 497 2106 schola
526 2065 775 2121 provinciali
804 2065 1000 2108 Portensi
1028 2066 1245 2121 professor
1273 2064 1586 2111 meritissimus,

134 2146 351 2201 deposuit,
381 2158 461 2199 ego
490 2142 594 2184 mihi
624 2145 871 2185 demandari
899 2160 1048 2201 passus
1077 2159 1205 2196 sum,
1226 2153 1367 2186 motus
1397 2151 1439 2182 et
1467 2139 1588 2183 Butt-

135 2225 280 2266 manni
311 2223 557 2263 auctoritate
577 2232 619 2263 et
640 2221 966 2278 Spaldingianae
986 2225 1216 2264 memoriae
1238 2224 1426 2264 caritate-¹
1464 2217 1586 2272 Quae

133 2303 433 2358 impedimenta
471 2302 792 2356 occupationum
833 2301 939 2342 mihi
976 2302 1241 2352 acciderint,
1267 2301 1489 2357 quominus
1526 2298 1586 2349 id,

135 2381 246 2437 quod
274 2379 405 2421 semel
438 2381 733 2433 suscepissem,
764 2381 807 2420 in
834 2395 998 2421 summa
1026 2381 1210 2422 faciendi
1241 2379 1472 2429 voluntate,
1503 2387 1587 2419 sta-—

137 2462 213 2502 tim
243 2459 438 2500 effectum
470 2459 628 2509 darem,
662 2467 704 2498 et
732 2458 837 2499 mihi
867 2458 1090 2501 molestum
1121 2470 1185 2502 est
1214 2459 1377 2509 dicere,
1409 2471 1487 2498 nec
1520 2470 1585 2497 re·
1626 2485 1631 2510 3

138 2540 221 2580 fert
269 2537 450 2579 aliorum
496 2538 628 2578 scire:
679 2534 788 2577 solvi
835 2551 947 2578 nunc
986 2540 1155 2581 tandem
1199 2553 1353 2581 nomen
1392 2545 1434 2577 et
1466 2537 1588 2590 juvat

142 2617 361 2667 oblivisci,
399 2625 602 2671 quantum
633 2630 759 2658 curae
788 2624 832 2657 et
861 2614 1045 2667 laboris,
1075 2628 1276 2672 quantum
1303 2618 1430 2658 etiam
1462 2614 1589 2656 taedii
