1721 2974
411 142 464 183 acl
493 139 658 194 Quintil.
692 139 821 179 Imm.
849 136 931 189 ῙῘῙ,
964 143 1001 177 6.
1035 139 1067 191 35.
1102 138 1304 177 48—61.
1500 145 1577 182 137

135 255 406 296 rmionalibus.
456 254 673 295 rationibus
710 252 837 292 Amb.
869 258 908 293 2.
940 249 1079 305 Camp-
1110 265 1204 291 cum
1231 249 1351 291 Voss.
1387 256 1423 291 1.
1455 251 1577 295 Bern.

192 324 490 377 raliqnabilibus
516 321 640 363 Goth.

243 395 281 445 §.
302 397 371 433 55.
420 393 522 430 ratio
543 401 612 430 est.
658 400 713 428 est
734 399 811 428 rat.
837 385 978 428 Guelf.
1059 396 1103 425 ut
1121 397 1213 426 stat.
1263 396 1298 425 ei
1317 396 1410 426 stat.
1441 386 1579 430 Turio.

131 459 240 499 Flor.
269 474 292 498 a
312 475 372 512 pr.
391 473 447 498 m.
476 457 578 498 Obr.
607 459 698 496 fort.
729 455 855 496 Amb.
884 461 921 495 1.
1029 453 1281 508 appellarent.
1338 454 1583 508 appellarunt

134 527 272 567 Turio.
305 542 328 565 a
357 541 436 566 sec.
466 540 522 564 m.
563 523 665 565 Obr.
696 527 786 564 fort.
816 522 942 562 Amb.
967 527 1004 561 1.
1065 520 1353 576 appellarentur
1391 521 1508 563 Voss.
1541 530 1595 564 2..

134 592 238 633 Bad.
270 591 408 647 (haud
439 593 558 632 dubie
589 608 610 630 e
640 590 782 645 Van.)
815 589 930 633 Cet-v,
962 588 1092 630 Collu.
1208 591 1249 628 in
1277 588 1371 628 illis.
1433 600 1473 628 nt
1502 590 1584 630 illis

133 660 271 700 Turio.
314 675 337 700 a
364 675 424 713 pr.
455 675 511 699 m.
555 658 664 698 Flor.
731 669 773 696 ut
803 661 842 696 in
878 656 961 696 illas
1009 656 1145 696 Turio.
1176 671 1198 696 a
1228 671 1306 697 sec.
1336 671 1392 696 m.
1442 656 1583 712 Camp.

134 727 236 769 Obr.
267 730 358 768 fort.
393 728 517 768 Amb.
553 733 589 766 1.

249 797 286 845 ξ.
318 799 385 837 56.
443 794 638 848 Hermag.
682 793 800 833 solus.
860 792 934 832 sol.
975 792 1117 831 Herm.
1157 789 1284 842 Obr.,
1331 805 1414 833 non
1453 793 1582 832 addin.

133 862 258 903 Amb.
283 868 320 903 1.
379 863 521 902 Herm.
553 862 678 902 solum
703 861 815 901 Jeus.
841 870 879 899 et
898 869 995 912 post.
1017 869 1107 898 aute
1138 859 1283 906 Coun„
1314 860 1402 898 cod.
1432 864 1584 901 nullus.

246 931 481 970 accidentia.
541 929 767 970 accedentia
807 927 942 967 Turic.
987 927 1094 966 Flor.
1126 926 1251 965 Amb.
1286 932 1325 966 2.
1365 925 1490 968 Bern‘

134 996 535 1051 συμβεβηκότα.
589 993 928 1049 στμβεβηκὸς
968 999 1087 1034 etiam
1128 993 1409 1034 Turio..Flor.
1458 996 1584 1038 Amb.

138 1072 176 1107 1.
208 1072 248 1107 2.
298 1067 389 1107 l'ar.
426 1073 463 1107 1.
505 1066 644 1119 Camp.

246 1135 282 1186 ᾗ.
312 1139 379 1175 57.
429 1137 606 1188 pariant.
661 1135 866 1187 patiantur
894 1130 1001 1171 Jens.
1031 1128 1129 1170 Loc.
1159 1129 1282 1181 Ven.‚
1315 1131 1398 1170 cod.
1431 1135 1581 1174 nullus.

245 1206 389 1254 justum
419 1202 524 1256 quid.
586 1200 645 1241 Ita
676 1204 797 1240 etiam
824 1200 932 1240 Flor.
973 1197 1099 1237 Amb.
1140 1203 1180 1237 2.
1234 1196 1372 1251 Gamp.
1416 1198 1518 1240 Obr.
1549 1211 1588 1242 et

135 1269 246 1308 haud
286 1271 406 1309 dubie
445 1269 570 1309 Amb.
596 1275 633 1309 1.
694 1272 743 1308 sit
773 1270 940 1308 inseruit
978 1270 1059 1317 jam
1089 1263 1219 1305 Colin.
1336 1279 1587 1319 quaerantur.

194 1349 406 1391 quaeratur
435 1338 542 1378 Jens.
576 1353 667 1377 cum
696 1346 798 1389 post.
830 1345 921 1374 ante
952 1333 1064 1374 Sich.

249 1407 284 1456 §.
311 1411 363 1447 58
421 1406 625 1445 rhetorico.
686 1405 903 1443 rhetoricae
951 1399 1085 1441 Guelf.
1138 1400 1418 1440 rhetoricorum
1448 1401 1585 1458 Camp.

249 1476 437 1527 scriplum
459 1476 523 1513 sit.
584 1489 663 1511 scr.
696 1483 751 1510 cst
779 1470 887 1511 Flor.
920 1469 1059 1521 (Jamp.
1143 1468 1428 1521 jurisconsulti.
1481 1474 1590 1524 jure-

137 1558 244 1581 cons.
288 1539 424 1581 Guelf.
455 1539 580 1580 Aan.
613 1546 652 1580 2.
692 1538 831 1592 Camp.
873 1537 985 1579 Sioh.

252 1610 289 1659 §.
322 1615 388 1650 59.
450 1619 631 1661 regestae.
693 1606 755 1647 Ita
793 1610 915 1647 etiam
958 1606 1071 1663 Flor⁰>
1112 1605 1204 1646 Par.
1238 1612 1276 1646 1.
1319 1604 1457 1660 Camp.
1530 1625 1589 1648 res

133 1688 268 1731 gestae
302 1677 428 1716 Amb.
456 1681 492 1716 1.
531 1675 641 1716 Jens.
682 1674 803 1715 Tarv.
844 1673 948 1714 Bad.
1033 1691 1092 1712 res
1124 1685 1296 1727 regestae
1325 1671 1440 1714 Cerv.
1474 1674 1585 1717 Sich.

138 1744 293 1799 Gryph.
407 1760 513 1798 quos,
572 1741 632 1783 Ita
680 1746 799 1782 etiam
832 1741 945 1782 Flor.
985 1741 1110 1781 Amb.
1143 1748 1182 1783 2.
1231 1741 1322 1781 Par.
1357 1747 1394 1781 1.
1448 1741 1590 1798 Camp.

136 1812 275 1865 Sich.3
304 1828 398 1866 quas
426 1814 575 1865 primus
592 1812 716 1851 dedit
745 1809 876 1851 Colin.
991 1809 1162 1849 scholae.
1225 1809 1364 1849 schola
1392 1808 1519 1851 Amb.
1548 1819 1588 1853 2.

257 1895 332 1933 qua
360 1890 427 1919 est.
484 1882 595 1932 quasi
619 1877 744 1917 Amb.
765 1885 802 1919 2.
832 1878 950 1918 Voss.
974 1884 1008 1918 1.
1040 1883 1077 1919 3.
1189 1879 1334 1929 movit,
1366 1879 1480 1932 quod.
1548 1880 1590 1918 isl

139 1952 323 1987 inserunt
353 1949 475 1986 etiam
501 1945 626 1985 Amb.
647 1951 685 1985 1.
717 1961 740 1986 a
759 1962 837 1986 sec.
857 1962 912 1987 m.
943 1945 1053 1986 Flor.
1084 1944 1250 1998 Camp.;
1283 1945 1351 1985 hic
1385 1956 1587 1999 praeterea

140 2017 209 2060 dat
237 2016 394 2054 monuit.
505 2016 613 2063 juris.
664 2013 780 2053 Hanc
807 2029 948 2058 vocem
968 2017 1098 2067 priore
1125 2015 1212 2052 loco
1239 2015 1370 2052 omitt.
1400 2013 1524 2055 Amb.
1548 2021 1588 2055 2.

143 2082 274 2124 Guelf.
407 2079 825 2134 πραγματικοὺς.
864 2083 1134 2134 pragmaticos
1180 2078 1307 2119 Amb.
1332 2085 1370 2120 1.
1422 2096 1591 2135 πραγ-

140 2163 377 2203 ματικως
405 2147 542 2188 Τυῐίο.
571 2150 696 2187 Amb.
720 2154 760 2188 2.
818 2162 1188 2202 πραγματικον
1218 2146 1356 2201 Camp.
1476 2195 1480 2197 ,

257 2218 294 2267 §.
325 2222 392 2256 60.
454 2215 558 2254 illos.
618 2214 698 2253 illis
727 2214 863 2255 Turio.
895 2231 918 2255 a
937 2232 997 2268 pr.
1021 2230 1077 2254 m.
1178 2214 1341 2271 falsam
1366 2215 1475 2257 Flor.

143 2286 404 2337 hermagoran
430 2308 486 2314 ——
517 2281 738 2321 aristotelea
765 2281 890 2322 Amb.
927 2288 963 2322 1.
981 2314 991 2333 ‚
1035 2285 1104 2336 qui
1142 2284 1224 2322 fere
1252 2298 1404 2337 semper
1437 2282 1590 2325 Graeca

144 2357 312 2393 nomina
339 2355 383 2390 in
415 2347 442 2390 ᾖ
466 2354 665 2390 terminat.

257 2422 292 2469 §.
323 2424 385 2459 61.
445 2436 570 2474 quam.
628 2434 722 2471 quas
753 2415 872 2458 Goth.
985 2429 1110 2457 vocat.
1171 2429 1314 2458 vocant
1341 2417 1472 2460 Turic-
1494 2435 1590 2474 apr.

144 2504 200 2528 m.
316 2487 358 2526 id
389 2499 444 2526 est
473 2491 664 2526 omittunt
694 2484 832 2538 Camp.
864 2484 980 2536 Obr.,
1012 2489 1155 2524 retinet
1181 2484 1306 2526 Amb.
1330 2491 1366 2526 1,
1477 2491 1590 2542 prius

146 2560 180 2595 ρι’
200 2572 298 2595 cum.
356 2572 418 2609 pr.
442 2566 477 2594 et
498 2571 582 2594 cum
611 2553 718 2593 Flor,
740 2568 760 2591 a
778 2568 832 2605 pr.
852 2567 905 2591 m.
936 2551 1069 2592 Turio.
1097 2551 1210 2594 Alm.
1239 2552 1363 2595 Amb.
1381 2559 1418 2595 1.
1447 2553 1589 2609 Gamp.

241 2625 572 2663 ratiocinativmn.
635 2624 821 2660 rational.
854 2618 977 2660 Goth.
1013 2621 1170 2673 Gamp„
1196 2621 1383 2677 idemque
1412 2624 1448 2674 §.
1478 2639 1560 2678 seq.
1579 2660 1587 2671 ,
