1721 2974
284 168 337 207 acl
369 167 537 220 Quintil.
555 140 700 206 'Insa-2,
731 166 814 218 ῙῙΙ,
844 165 884 205 4.
915 170 979 207 15.
1006 169 1071 206 16.
1094 182 1097 185 ·
1121 170 1160 206 5.
1184 166 1386 216 §.1—6.
1477 173 1556 211 125

116 281 239 322 Paris.
275 287 313 322 1.
346 288 384 322 2.
415 287 454 321 3.
488 279 629 333 Camp.
745 288 908 319 moveat.
966 289 1118 319 moneat
1151 277 1291 331 Camp.
1323 278 1442 320 Tarv.
1539 320 1543 325 ,

119 366 247 389 corum
278 365 357 389 om.
391 348 516 389 Aan.
539 353 578 387 2.
697 348 847 387 cadent.
899 346 1040 386 cadunt
1069 343 1190 399 Amb.
1213 352 1251 386 2.
1281 343 1415 386 Guelf.
1437 346 1553 387 Voss.

117 422 156 457 1.
181 422 220 458 3.
243 415 367 458 Goth.
480 426 520 455 ut
539 431 626 455 non·
678 432 753 455 non
771 426 811 453 ut
833 412 956 454 Amb.
978 419 1015 454 1.
1030 446 1041 466 ‚
1071 416 1185 453 nullo
1205 429 1336 454 sensu„
1451 418 1558 454 irru-

113 495 265 539 perunt.
325 487 386 525 Ita
415 481 522 523 Flor.
553 481 676 522 Amb.
702 488 741 523 2.
770 481 895 522 Paris.
919 488 955 523 1.
975 487 1014 522 2.
1039 487 1076 522 3.
1095 484 1134 523 4.
1176 481 1276 523 Obr.
1307 484 1399 523 fort.
1430 480 1553 523 Amb.

116 558 156 592 1.
217 553 428 606 irruperint
472 550 668 590 dederunt
707 553 787 600 jam
825 549 965 603 Camp.
1005 548 1116 590 Sich,
1158 548 1289 592 Golin.
1330 560 1370 591 et
1410 561 1468 592 est
1511 554 1557 590 iu

116 617 255 658 Tul-ic.
316 617 378 659 Cf.
408 620 572 671 praefat.
602 617 698 658 Vol.
735 615 755 656 Ι
781 632 820 670 p.
842 615 1099 658 LXXXIV.

226 691 264 739 §.
298 691 336 726 3.
397 685 605 725 rhetorica.
667 685 856 724 rhetorice
886 683 1002 725 Alm.
1034 684 1170 726 TurIc.
1210 684 1278 740 (in
1310 686 1388 726 hoc
1418 696 1476 727 est
1499 713 1557 720 --

118 753 188 807 ae)
219 754 341 794 Amb.
366 759 406 794 2.
439 751 579 806 Cfflnp.
614 751 716 794 Obr.
747 755 837 792 fort.
867 750 989 793 Amb.
1023 758 1061 793 1.
1179 752 1404 795 desiderent.
1455 755 1558 795 ‹lesi-

117 822 297 861 der-arent
319 821 457 861 Turio.
489 836 512 859 a
531 836 591 873 pr.
615 836 670 860 m.
697 819 804 861 Flor.
825 818 935 861 Alm.
1051 819 1234 872 Quidam.
1277 821 1422 877 Camp.
1452 823 1555 864 Alii.

150 933 155 937 ⁴
199 899 423 944 quaeratur.
483 886 544 928 lta
572 889 732 929 videtur
761 903 842 927 esse
869 891 915 927 in
941 891 1084 928 nostris
1113 891 1318 941 omnibus,
1365 901 1424 931 est
1453 901 1558 932 certe

114 959 159 996 in
190 955 332 1009 Camp.
371 955 496 996 Paris.
520 960 557 996 3.
586 957 650 1008 4.;
701 958 899 1010 quaeritur
936 954 1059 997 Paris.
1093 961 1131 996 1.
1163 962 1201 997 2.
1314 961 1556 1000 existimant.

115 1027 324 1076 existimat
353 1023 490 1064 Turic.
519 1022 628 1065 Flor.
660 1022 795 1064 Guelf.
827 1021 946 1064 Voss.
973 1028 1010 1063 1.
1034 1028 1073 1064 3.
1103 1022 1225 1066 Amb.
1249 1031 1289 1066 2.
1322 1025 1464 1081 Camp.

113 1107 228 1131 max·
256 1108 368 1145 pars,
424 1107 522 1145 par-S*
549 1107 666 1132 mssoeo
698 1090 838 1145 CalnP·
953 1102 1156 1145 repugnat.
1216 1105 1398 1147 repugnet
1422 1093 1558 1136 Guelf-

115 1175 209 1199 cum
248 1159 356 1200 Jens.
395 1167 435 1198 et
470 1167 572 1211 post.
612 1167 705 1199 ante
742 1156 871 1208 Bad.‚
918 1173 1001 1199 acc.
1044 1158 1184 1213 Sich.3
1232 1172 1392 1215 recepta
1429 1173 1489 1204 est
1513 1167 1558 1202 in

118 1225 240 1266 Goth.
270 1226 456 1267 Vallensi
485 1235 525 1266 et
552 1229 653 1267 aliis.
770 1236 928 1266 constet.
984 1224 1046 1267 Ita
1073 1230 1155 1278 jam
1183 1227 1295 1268 Sioh.
1327 1228 1462 1272 Colin.

116 1297 194 1333 sint
231 1305 335 1348 turp.
394 1303 483 1333 sunt
524 1304 552 1334 t,
591 1292 715 1335 Goth.
759 1309 852 1333 cum
889 1292 998 1334 Jens.
1038 1305 1096 1336 est
1128 1305 1229 1349 post⁴
1268 1306 1361 1336 ante
1401 1297 1556 1349 Colin.,

115 1377 203 1401 exc.
231 1359 328 1401 ΑΜ.

230 1434 266 1482 §.
298 1430 339 1469 4.
399 1430 536 1468 autin
562 1444 667 1480 scra,
707 1438 787 1469 aut.
846 1426 969 1469 Amb.
1000 1434 1038 1469 1.
1078 1430 1119 1468 in
1154 1446 1261 1480 scra,
1309 1443 1368 1485 et,
1417 1438 1559 1475 omisso

114 1499 246 1553 priore
277 1507 357 1537 aut.
471 1507 559 1535 sunt
587 1495 634 1534 de
657 1499 756 1550 jure.
810 1506 898 1535 sunt
927 1510 1007 1537 om.
1045 1494 1172 1538 Amb.
1196 1503 1260 1551 1.;
1310 1516 1332 1540 e
1362 1506 1559 1543 contrario

116 1564 240 1606 Goth.
271 1562 392 1606 Voss,
416 1570 457 1606 2.
487 1567 670 1604 inserunt
707 1574 795 1603 sunt
829 1573 923 1604 ante
950 1563 998 1602 de
1030 1581 1083 1605 re.
1195 1565 1320 1620 legale
1345 1592 1402 1602 ——-
1434 1573 1561 1611 ratio..

41 1667 43 1669 ,
113 1632 216 1674 nale.
277 1631 414 1674 Tufic.
444 1636 669 1687 transponit
696 1634 838 1672 ration.
863 1655 921 1663 --·
948 1631 1022 1686 leg.
1055 1649 1149 1674 cum
1176 1633 1283 1676 Flor.
1314 1635 1440 1677 Amb.
1460 1644 1497 1679 1.
1515 1645 1556 1680 2.

117 1699 253 1742 Guelf.
283 1699 402 1741 BodJ.
432 1700 579 1742 Joann.
608 1700 699 1741 Bal.
729 1698 849 1740 Voss.
877 1705 914 1740 1.
946 1698 1068 1741 Bern.
1088 1699 1222 1743 Andr.
1334 1722 1455 1758 genus
1474 1722 1556 1748 om.

114 1769 224 1810 Jens.
259 1783 354 1808 cum
370 1778 471 1823 post.
497 1778 590 1809 ante
609 1767 737 1820 AM„
771 1768 861 1808 cod.
894 1771 1044 1810 nullus.
1159 1770 1202 1809 ιἰῑ
1229 1782 1299 1819 εει.
1344 1771 1407 1813 Ita
1437 1777 1559 1814 etiam

114 1835 223 1876 Flor.
264 1835 392 1876 Amb.
427 1843 464 1877 1.
498 1843 538 1878 2.
579 1829 703 1877 Paris.
728 1841 767 1876 1.
791 1841 831 1877 2.
855 1841 893 1876 3.
926 1835 1067 1892 Camp.
1126 1837 1302 1893 Vulgata
1329 1841 1448 1882 lectio
1477 1845 1557 1894 jam

117 1913 174 1944 est
203 1906 247 1942 in
278 1901 390 1944 Sich.
420 1902 553 1945 Colin.

229 1973 265 2023 §.
299 1973 337 2010 5.
397 1981 434 2008 et
460 1973 500 2010 in
527 1970 668 2011 verbis.
719 1973 760 2010 in
787 1986 868 2012 om.
902 1970 1038 2013 Turio.
1059 1971 1167 2014 Flor.
1195 1973 1311 2017 Alm.
1334 1975 1473 2030 Camp.

115 2040 226 2092 infin.
259 2047 325 2076 aut
346 2039 421 2092 fin.
483 2036 621 2091 Camp.
642 2040 721 2093 fin.
751 2049 819 2077 aut
838 2041 948 2093 infin.
1061 2039 1193 2082 θέσιν.
1240 2042 1360 2091 θέσις
1375 2043 1501 2084 Amb.
1514 2051 1556 2086 2.

118 2104 254 2146 Guelf.
323 2103 460 2152 θέσεις
495 2103 595 2144 Α1(1.
662 2101 881 2153 ὑποθέσεις
927 2105 1049 2147 Tarv.
1089 2111 1186 2149 sola.
1305 2110 1438 2150 dicunt
1475 2127 1555 2151 om.

117 2172 260 2226 Camp.
371 2175 625 2227 propositum.
681 2188 802 2226 porro
839 2189 951 2227 prop.
989 2174 1124 2215 Turio.
1155 2191 1177 2215 a
1199 2192 1277 2217 sec.
1298 2193 1353 2218 m.
1468 2182 1557 2219 uni-

115 2239 285 2280 versales
317 2239 462 2279 civiles.
521 2239 594 2278 alii
629 2241 766 2279 inserit
790 2239 917 2281 Amb.
945 2246 982 2281 1.
1012 2257 1036 2282 a
1059 2258 1138 2283 sec.
1168 2259 1224 2284 m.

227 2307 263 2359 §.
295 2311 333 2347 6.
381 2309 432 2346 sit
451 2309 646 2347 scientiae.
695 2310 731 2346 si
748 2310 911 2347 scientia
937 2306 1071 2350 Guelf.
1178 2327 1230 2350 an
1245 2328 1359 2366 prov.
1413 2312 1553 2369 Camp.

115 2385 184 2415 aut
208 2390 321 2430 prov.
435 2390 571 2413 munus
599 2373 735 2415 Turio.
760 2390 783 2415 a
802 2391 861 2428 pr.
883 2391 939 2417 m.
1055 2378 1187 2419 acced.
1207 2379 1262 2419 ad
1280 2397 1396 2435 remp.
1427 2379 1553 2423 Goth.

115 2459 200 2484 acc.
232 2445 284 2482 sit
313 2441 367 2482 αιῖ
395 2459 428 2483 r.
471 2458 563 2483 cum
604 2440 758 2498 Gryph.
796 2443 925 2485 Stoer.
955 2443 1127 2487 Chouet.
1242 2446 1554 2489 administratam

115 2509 252 2550 Turlc.
295 2525 318 2550 a
350 2525 410 2564 pr.
449 2525 505 2551 m.
630 2511 759 2551 Prius.
829 2511 1003 2553 Primum
1050 2512 1176 2555 Amb.
1217 2520 1256 2556 1.
1380 2532 1438 2556 an·
1469 2518 1555 2558 sit?

116 2577 209 2632 quid
237 2577 322 2619 sit?
358 2577 482 2632 quale.
543 2576 680 2619 'sm-ic.
709 2593 732 2618 a
759 2595 819 2633 pr.
850 2595 906 2621 m.
937 2599 990 2621 an
1017 2583 1053 2620 si
1080 2581 1232 2636 quidem
1259 2582 1384 2637 quale.
1441 2583 1550 2624 Flor.

116 2659 139 2684 a
156 2661 216 2700 pr.
238 2661 290 2686 m.
322 2662 373 2687 an
399 2649 436 2687 si
462 2646 568 2701 quod
600 2658 655 2687 est
685 2647 801 2702 quale
829 2645 903 2702 (in
931 2649 1008 2691 hoc
1026 2664 1103 2692 sec.
1131 2664 1187 2692 m.
1208 2651 1302 2693 fecit
1327 2653 1392 2702 sit,
1422 2661 1552 2694 cetera
