1721 2974
181 168 204 203 10

208 167 231 203 Ν

238 165 261 200 0³

632 157 908 213 Supplemenia
945 159 1211 197 annotationis

289 274 326 325 §.
358 274 397 314 4.
450 274 646 326 gratiora.
702 270 843 311 Turio.
872 285 897 310 a
925 286 987 324 pr.
1019 284 1076 311 m.
1102 273 1312 324 graciora.
1367 273 1476 313 Flor.
1507 287 1530 312 a
1557 288 1615 327 pr.

179 357 234 382 m.
266 339 402 382 Guelf.
427 343 620 393 gratiosa.
735 353 812 376 non
838 354 986 392 semper
1011 341 1060 377 sit
1085 347 1141 378 ut.
1199 337 1267 377 Sic
1288 340 1410 377 etiam
1432 338 1543 380 Sich.

178 420 267 449 sunt
294 411 330 448 si
359 412 511 448 inventa
541 406 624 445 suh.
680 404 819 445 Turic.
851 420 874 444 a
899 421 960 458 pr.
990 419 1048 444 m.
1082 422 1153 443 sun
1180 405 1272 455 sub,
1331 420 1354 444 a
1386 421 1465 446 sec.
1502 422 1558 446 m.
1587 412 1626 447 si

176 477 259 517 sub.
315 475 421 515 Flor.
445 491 466 514 a
487 491 545 528 pr.
567 489 622 514 m.
654 483 742 511 sunt
771 474 807 511 si
839 473 916 512 ἰηυ.
974 470 1089 512 Alm.
1114 476 1263 512 omittit
1298 483 1386 511 sunt
1414 474 1555 514 subito.

175 547 277 583 inter
306 542 519 582 dicendum.
581 539 721 593 Camp.
758 538 1075 580 intercidendam.
1173 555 1228 579 cx
1251 556 1304 581 re.
1365 537 1487 580 Goth.
1504 540 1623 582 Voss.

176 617 218 653 2.
242 610 382 663 Camp.
403 609 503 648 Ald.
524 607 627 648 Bad.
658 607 810 648 Cervic.
837 606 968 647 Colin.
998 623 1018 645 e
1041 623 1093 647 re.
1151 606 1261 648 Jens.
1293 605 1394 648 Loc.
1427 607 1538 648 Ven.
1571 619 1625 647 est

178 695 231 719 rc.
314 675 536 730 injucunda.
580 674 717 715 Turio.
744 673 859 714 Alm.
886 673 1072 728 jucunda.
1162 678 1301 715 omnis.
1341 673 1462 716 Goth.
1478 691 1625 715 omnes.

260 744 459 797 reliquum.
495 740 620 783 Amb.
643 748 683 783 2.
717 741 890 783 relicum.
975 746 1261 799 praecerpitur.
1301 742 1409 783 Flor.
1439 758 1462 783 a
1484 759 1545 796 pr.
1568 758 1625 782 m.

170 814 440 869 praecepitur,
501 823 524 848 a
561 823 639 850 sec.
680 812 778 849 item
813 812 1070 864 praecipitur.

287 880 324 929 §.
359 882 398 918 5.
459 879 590 916 ctiam.
651 875 763 918 Sich.
797 892 877 917 0111.
896 888 932 916 et
949 880 1090 918 variis.
1150 877 1288 918 Turio.
1319 876 1427 918 Flor.
1456 886 1625 932 uterque

173 963 196 987 a
224 962 284 1000 pr.
315 961 371 985 m.
403 953 439 982 et
468 948 681 994 omittunt,
719 959 811 985 cnm
836 944 951 986 Ajm.
1064 945 1283 1003 fizllcnclus.
1341 944 1479 986 Turio.
1514 944 1625 985 Flor.

172 1025 341 1069 uterque
382 1027 404 1051 a
435 1027 493 1065 pr.
522 1028 577 1052 m.
608 1012 723 1052 AJm.
750 1012 961 1069 fallentes,
1076 1013 1181 1068 quocl
1208 1015 1384 1066 petimus.
1442 1012 1553 1053 Jens.
1587 1021 1626 1052 et

173 1083 264 1121 edd.
305 1090 395 1119 aute
436 1078 590 1133 Gryph.
628 1082 767 1120 inserr.
809 1097 893 1120 nos·
1008 1097 1122 1136 quam
1148 1080 1235 1134 jucl.
1268 1079 1395 1120 Amb.
1420 1085 1457 1120 1.
1485 1080 1623 1120 Turic.

171 1149 286 1190 AJm.
320 1147 424 1202 quocl
438 1150 469 1201 j.
582 1148 776 1201 providet.
836 1147 961 1188 Amb.
985 1153 1022 1188 1.
1043 1155 1081 1189 2.
1108 1162 1267 1203 quoque
1287 1148 1474 1200 providit.
1531 1147 1624 1188 Par.

174 1222 212 1258 5.
253 1219 374 1255 etlam
409 1215 641 1270 providerit,
706 1214 807 1255 Ald.
849 1214 1006 1270 Gryph.
1049 1215 1135 1256 Col.
1177 1225 1217 1256 et
1252 1214 1344 1254 edd.
1383 1230 1445 1268 ap.
1481 1214 1623 1255 Burm.

169 1283 384 1339 praevidet.
480 1285 616 1337 priuS,
649 1298 779 1336 quam.
833 1282 959 1323 Goth.
988 1283 1099 1324 Jells.
1131 1299 1224 1323 cum
1249 1284 1339 1323 edd.
1373 1292 1465 1322 ante
1492 1281 1624 1323 Stoer.

172 1363 376 1406 antequam
489 1349 794 1406 praeformidat.
853 1350 921 1390 Sic
952 1354 1074 1390 etiam
1110 1350 1238 1393 Amb.
1273 1357 1311 1391 1.
1349 1349 1440 1390 Par.
1471 1353 1508 1388 1.
1564 1347 1626 1388 At

171 1419 279 1460 Flor.
307 1419 432 1458 Amb.
457 1425 493 1458 2.
526 1433 688 1473 quoque
714 1405 993 1475 performidat.
1081 1429 1124 1459 at
1152 1421 1208 1470 si,
1241 1435 1295 1458 re.
1336 1417 1473 1458 Turio.
1502 1416 1623 1465 Flor.,

171 1497 340 1541 uterque
370 1502 392 1525 a
421 1502 480 1539 pr.
510 1501 565 1524 m.
597 1484 723 1526 Amb.
754 1492 794 1527 2.
824 1486 877 1525 acl
905 1489 1018 1526 scire.
1078 1485 1202 1527 Goth.
1233 1485 1352 1526 Voss.
1374 1490 1412 1525 2.
1441 1495 1475 1523 et
1504 1487 1540 1524 si
1569 1500 1625 1524 re.

171 1554 290 1595 Voss,
316 1559 354 1594 3.
386 1553 501 1593 Alm.
533 1563 575 1592 at
600 1556 716 1593 scire.
831 1554 1063 1595 crederetur.
1122 1553 1231 1595 Flor.
1263 1569 1287 1594 a
1314 1569 1374 1608 pr.
1404 1568 1461 1594 m.
1491 1551 1626 1593 crede-

170 1633 246 1661 tur.
309 1619 443 1661 Guelf.
476 1620 662 1660 creditur.

289 1690 326 1739 §.
348 1694 385 1728 6.
446 1699 593 1742 quaest.
616 1698 685 1727 est.
725 1685 860 1728 Guelf.
881 1704 959 1728 om.
981 1699 1050 1729 est.
1131 1687 1428 1744 perturbandus,
1468 1686 1624 1728 Cervic.

173 1758 294 1796 etlam
321 1756 692 1810 perturbationibus.
751 1755 859 1796 Flor.
898 1755 1025 1796 Amb.
1058 1761 1097 1796 2.
1130 1755 1220 1797 Par.
1256 1760 1293 1795 1.
1324 1754 1622 1794 turbationibus.

170 1822 237 1863 Ex
265 1822 388 1863 Aan.
424 1829 462 1863 1.
501 1825 616 1863 nulla
655 1825 822 1863 varietas
851 1827 1067 1877 scripturae
1098 1824 1302 1863 discedens
1331 1824 1378 1860 ab
1410 1821 1510 1863 Obr.
1538 1831 1625 1860 tur-

173 1891 324 1930 handus
355 1893 531 1931 affertur.
643 1891 711 1929 secl
736 1890 839 1944 plus.
898 1890 1036 1931 Turio.
1069 1905 1092 1931 a
1119 1907 1180 1944 pr.
1211 1906 1268 1930 m.
1300 1906 1340 1928 se
1366 1887 1469 1943 plus.
1558 1891 1626 1928 cui

173 1961 243 1998 rei.
300 1958 437 1998 Turic.
470 1974 492 1997 a
521 1974 582 2012 pr.
612 1973 668 1998 m.
699 1957 816 1999 Alm.
851 1956 986 1999 Guelf.
1013 1958 1133 1999 Voss.
1156 1964 1194 1999 1.
1218 1962 1256 1998 3.
1284 1956 1409 1997 Bern.
1430 1955 1558 1996 Amb.
1582 1961 1626 1996 2.

173 2043 243 2066 cur
273 2028 321 2066 ei.
381 2026 517 2067 Turio.
551 2041 575 2065 a
603 2041 680 2066 sec.
709 2041 765 2066 m.
798 2043 884 2066 cum
914 2029 963 2066 ei.
1020 2025 1128 2067 Flor.
1161 2042 1232 2066 cur
1263 2027 1332 2065 rei.
1428 2026 1623 2063 maxime.

170 2093 295 2134 Amb.
334 2099 372 2135 2.
410 2096 606 2134 maxima.
732 2096 869 2134 tenuis.
938 2093 1077 2134 Turio.
1121 2108 1144 2133 a
1182 2109 1242 2147 pr.
1280 2107 1336 2132 m.
1384 2094 1511 2129 tenuis
1553 2101 1624 2130 est.

171 2160 278 2201 Flor.
322 2176 343 2200 a
380 2177 439 2214 pr.
477 2177 532 2202 m.
573 2164 789 2202 tenuissem.
903 2161 1142 2216 scrupulose.
1202 2160 1337 2202 Guelf.
1376 2157 1483 2199 Jens.
1522 2156 1625 2198 Loc.

171 2227 281 2269 Ven.
314 2228 466 2269 Cervic.
499 2229 764 2283 scrupulosae.
873 2240 1023 2284 partes-
1081 2227 1217 2270 Guelf.
1242 2230 1385 2283 partis.
1500 2236 1622 2265 secia.

173 2294 242 2336 Sic
273 2300 394 2336 etiam
418 2296 542 2337 Amb.
573 2302 609 2337 1,
639 2302 679 2338 2.
711 2296 818 2337 Flor.
850 2290 941 2337 Par.
976 2303 1014 2337 1.
1037 2303 1078 2338 2.
1195 2296 1455 2349 cognoscenti.
1512 2292 1621 2333 Flor.

172 2363 299 2404 Aan.
328 2370 366 2404 2.
398 2363 487 2404 Par.
514 2370 550 2404 1.
575 2370 615 2405 2.
653 2365 924 2418 cognoscendi.
983 2363 1111 2405 Amb.
1143 2369 1181 2404 1.
1211 2366 1363 2404 siletur.

289 2433 327 2481 §.
366 2436 405 2471 7.
468 2431 608 2482 Quid?
654 2433 771 2487 quocl.
841 2432 977 2473 Turic.
1015 2431 1149 2483 Flor.,
1199 2440 1364 2485 uterque
1404 2444 1427 2470 a
1461 2445 1523 2483 pr.
1566 2444 1622 2468 m.

174 2498 372 2551 quicquid.
488 2511 523 2538 et
552 2499 669 2539 velut.
728 2499 866 2540 Turio.
908 2515 932 2540 a
963 2515 1023 2554 pr.
1053 2514 1109 2539 m.
1146 2498 1253 2539 Flor.
1290 2497 1404 2539 Alm.
1433 2500 1547 2538 Voss.
1581 2502 1620 2536 3.

175 2568 366 2606 omittunt
395 2578 444 2606 et.
558 2584 707 2608 rarum.
766 2564 890 2609 Goth.
932 2583 1040 2608 raro.
1098 2565 1224 2608 Amb.
1252 2573 1293 2607 2.
1323 2565 1446 2607 Benr.
1479 2580 1622 2604 rerum.

174 2629 292 2671 Voss.
324 2639 360 2672 3.
391 2651 508 2674 erum.
624 2638 780 2676 rationi.
837 2634 964 2678 Amb.
991 2641 1030 2677 1.
1059 2636 1316 2676 narrationis.
