1721 2974
377 154 431 196 acl
454 153 618 208 Quintil.
651 152 782 195 Instit.
819 150 876 206 V,
910 157 976 192 13.
1009 152 1046 205 §-
1071 151 1272 194 43-52-
1473 158 1556 196 297

216 268 256 320 §.
287 269 354 311 48.
411 268 584 324 quidam.
633 266 752 310 Tarv.
773 256 937 323 quidem.
1002 274 1005 277 ’
1048 267 1218 307 contenti
1247 275 1362 305 totos.
1416 264 1556 308 Turic-

100 334 209 377 Flor.
239 353 262 379 a
293 353 355 392 pr.
383 352 440 377 m.
470 340 582 378 Alm.
615 346 829 376 contentos.
941 349 1090 389 perseo.
1150 331 1283 374 Guelf.
1309 334 1465 388 prosec.

100 414 225 446 nostr.
255 416 370 459 temp.
422 402 547 447 Goth.
573 403 684 444 Jeus.
712 413 753 444 et
781 404 874 449 eddi
892 411 986 442 ante
1006 399 1162 456 Gryph.
1184 411 1213 442 t.
1239 418 1278 442 n.
1396 400 1560 444 Vibius.

100 473 226 511 Amb.
251 478 289 512 1.
312 475 454 511 vivius.
541 473 700 524 ingenii.
748 473 871 512 Amb.
893 477 933 512 2.
957 470 1099 523 ingeni.

214 539 480 592 [observavit
518 536 728 591 Spalding.
769 541 813 578 in
849 541 1047 591 supplem.
1088 537 1183 578 edit.
1221 552 1316 577 suae
1356 552 1562 593 nusquam

102 606 335 658 hujusmodi
361 617 539 647 totorum
561 608 746 645 locorum
764 609 1077 660 explicationem
1096 607 1426 659 praestantiorem
1444 609 1564 647 inve-

102 677 202 724 niri,
235 690 357 729 quam
376 675 485 728 apud
509 672 747 714 Ciceronem
769 677 812 713 in
833 678 950 716 Verr.
971 676 1043 714 lib.
1065 673 1106 713 V
1128 689 1216 726 cap.
1240 677 1263 714 9
1285 673 1394 726 init.]

217 743 254 794 §.
286 743 356 784 49.
409 745 514 795 jact.
537 743 602 781 sit.
655 743 780 781 Amb.
802 746 839 780 1.
864 739 974 780 Flor.
998 738 1136 780 Guelf.
1167 739 1288 780 Voss.
1312 745 1352 781 1.
1370 748 1410 782 2.
1438 744 1562 783 Amb.

102 814 144 849 2.
174 809 285 850 Jens.
308 818 347 848 et
370 809 461 848 edd.
495 816 589 847 ante
615 804 752 855 Gibs.,
803 823 897 847 oum
928 810 983 847 eis
1015 822 1078 861 ap.
1108 805 1253 848 Burm.
1282 812 1476 849 omittunt
1497 813 1564 851 sit.

185 879 394 930 possimus.
457 873 595 914 Turio.
626 888 649 913 a
675 889 736 928 pr.
766 889 823 914 m.
863 873 972 915 Flor.
1010 890 1230 929 possumus.
1345 876 1428 917 dici
1453 876 1565 918 nihil.

106 941 243 984 Guelf.
284 943 392 984 Jeus.
433 951 472 983 et
512 942 604 982 edd.
645 951 737 981 aute
777 941 907 982 Stoer.
944 944 1084 982 ordine
1112 952 1282 984 mutato.
1384 942 1566 1002 furtiva.

105 1008 240 1051 Guelf.
259 1011 439 1067 fortiva.
557 1025 719 1050 necesse.
770 1010 879 1051 Jeus.
911 1019 949 1050 et
973 1012 1064 1051 edd.
1097 1020 1191 1050 ante
1209 1012 1307 1051 Ald.
1333 1015 1565 1053 necessarie.

189 1081 406 1132 ignorante.
459 1076 594 1120 Guelf.
618 1081 767 1132 ignare.
857 1079 1011 1134 quibus.
1061 1077 1200 1119 Turio.
1231 1079 1341 1120 Flor.
1373 1084 1476 1135 quis.

102 1149 321 1202 proposita.
378 1149 501 1188 Amb.
524 1150 563 1187 1.
583 1149 821 1202 propositae.
908 1149 1000 1187 sint.
1049 1148 1173 1187 Amb.
1197 1151 1236 1187 1.
1259 1153 1298 1189 2.
1324 1147 1436 1189 Flor.
1453 1151 1567 1191 Ahns

107 1214 228 1255 Voss.
253 1220 291 1255 1.
323 1225 424 1256 sunt.

220 1281 316 1336 [De
354 1282 680 1323 advocationibus
720 1280 931 1336 Spalding.
971 1284 1086 1334 jussit
1124 1285 1298 1324 conferri
1340 1282 1483 1325 Senec.
1515 1284 1569 1324 ad

106 1349 232 1391 Marc.
253 1368 291 1405 p.
312 1356 391 1392 189
427 1349 489 1404 (c.
516 1349 593 1404 10)
626 1354 764 1407 ibique
795 1349 1004 1406 Lipsium‚
1045 1353 1120 1392 etsi
1148 1364 1268 1392 sensu
1299 1353 1348 1392 ab
1374 1351 1454 1392 hoc
1478 1352 1569 1393 loco

107 1421 270 1459 fortasse
303 1419 476 1472 alieno.]

222 1488 255 1540 ξ.
289 1485 369 1528 50.Ι
412 1487 486 1526 At.
544 1488 666 1528 Amb.
702 1491 740 1527 1.
773 1484 909 1526 Turio.
937 1484 1047 1528 Flor.
1078 1502 1101 1527 a
1132 1503 1191 1541 pr.
1224 1503 1283 1528 m.
1315 1486 1371 1528 id.
1427 1484 1566 1529 Guelf.

110 1572 174 1597 ac.
264 1567 365 1596 recte
383 1564 418 1594 ct
437 1564 561 1595 contr.
615 1552 683 1595 Sic
716 1551 806 1595 Par.
836 1559 874 1593 1.
934 1555 991 1595 At
1019 1555 1141 1596 Amb.
1173 1559 1211 1595 1.
1248 1573 1282 1596 r.
1314 1556 1496 1596 enarihus
1535 1573 1568 1596 e.

109 1641 170 1675 c.‚
210 1624 281 1663 sed
307 1639 382 1663 sec.
411 1638 468 1662 m.
499 1624 622 1662 etiam
654 1639 687 1663 r.
706 1621 933 1676 plenarihus
956 1637 987 1661 e.
1010 1638 1072 1673 c.‚
1115 1638 1209 1662 cum
1231 1623 1340 1663 Flor.
1359 1655 1370 1675 ,
1413 1622 1504 1665 Par.
1526 1630 1571 1666 2.

109 1708 142 1732 r.
166 1708 197 1731 e.
217 1690 442 1745 plenaribus
463 1707 498 1730 c.
547 1688 658 1731 Sich.
681 1707 713 1731 r.
737 1708 765 1730 e.
787 1688 1163 1744 interpellationibus
1185 1701 1221 1730 et
1241 1707 1278 1731 c.
1329 1690 1462 1732 Colin.
1483 1709 1516 1732 r.
1535 1710 1570 1733 e.

106 1759 404 1814 probationibus
435 1769 471 1797 et
499 1775 535 1799 c.
651 1774 728 1799 see.
753 1758 884 1798 simul.
931 1757 1040 1799 Flor.
1064 1761 1186 1799 etiam
1205 1762 1326 1800 inser.
1345 1759 1573 1815 plurimum.

108 1829 231 1868 Aan.
255 1832 292 1866 1.
319 1829 513 1880 primum,
563 1843 642 1868 sec.
674 1843 728 1867 m.
755 1827 982 1882 plurimum.
1104 1843 1374 1869 exerceamur.
1430 1828 1569 1870 Turio.

111 1909 377 1933 exerceamus.
492 1894 815 1936 contradictione.
870 1894 999 1936 Amb.
1038 1897 1076 1935 1.
1114 1910 1138 1935 e.
1166 1910 1247 1937 sec.
1276 1911 1333 1937 m.
1371 1899 1574 1951 expunxit

111 1978 170 2000 ne.
259 1976 334 2000 non
359 1963 474 1999 enim.
526 1960 652 2001 Amb.
681 1967 727 2002 1.
752 1978 836 2002 om.
867 1979 957 2002 non.

228 2030 262 2079 §.
293 2033 359 2069 51.
421 2031 591 2068 nimium.
651 2027 776 2069 Amb.
817 2034 854 2069 1.
895 2046 1048 2079 maum,
1109 2045 1134 2070 a
1161 2007 1240 2072 secl.
1272 2046 1330 2070 m.
1372 2047 1570 2084 magnum,

114 2111 209 2138 cum
228 2095 366 2136 Turio.
387 2094 493 2137 Flor.
516 2112 538 2136 a
567 2112 626 2150 pr.
652 2111 710 2137 m.
741 2094 881 2149 Camp.
994 2096 1155 2138 soliciti.
1202 2097 1330 2138 Amb.
1363 2104 1402 2139 1.
1430 2099 1570 2141 Turio.

113 2165 222 2206 Flor.
254 2179 277 2204 a
306 2180 365 2217 pr.
397 2180 453 2204 m.
485 2164 667 2205 sollicite.
778 2163 917 2218 judici.
965 2163 1083 2205 Ahn.
1109 2164 1421 2221 Ca1np.juclicii.
1535 2178 1573 2207 et

102 2234 219 2291 freq.
244 2249 355 2287 quae.
405 2230 531 2272 Amb.
558 2238 595 2273 1.
608 2232 938 2289 frequenterque,
969 2249 1048 2273 sec.
1068 2248 1212 2273 manus
1237 2235 1349 2276 addit
1371 2251 1483 2290 quae.

116 2300 253 2342 sustul.
305 2299 444 2353 Camp.
484 2300 649 2341 substul.
778 2303 884 2357 quia.
929 2300 1058 2342 Amb.
1081 2306 1118 2342 1.
1155 2319 1244 2358 qua.
1364 2314 1572 2358 patronus·

117 2368 243 2410 Amb.
278 2374 316 2408 1.
345 2385 422 2423 par
453 2384 560 2408 onus.

232 2439 267 2490 ᾗ.
299 2441 364 2478 52.
423 2452 524 2476 omn.
544 2438 585 2475 in
605 2434 687 2475 Cic.
740 2435 849 2477 Jeus.
880 2434 979 2478 Loc.
1011 2440 1053 2478 in
1084 2437 1169 2480 Cic.
1198 2455 1298 2479 omn.
1357 2438 1466 2481 Ven.
1492 2455 1571 2483 om.

119 2509 262 2547 omnia.
357 2503 551 2546 Cicerone.
606 2502 745 2557 Camp.
770 2503 1004 2546 Ciceronem.
1101 2517 1170 2548 est.
1222 2509 1344 2547 Amb.
1368 2513 1404 2548 1.
1427 2520 1475 2550 et.

122 2574 360 2614 amlcntihus.
418 2572 542 2613 Amb.
574 2577 610 2612 1.
645 2579 684 2613 2.
718 2570 908 2614 Turicsa
934 2589 995 2626 pr.
1024 2589 1080 2614 m.
1112 2575 1221 2615 Flor.
1250 2573 1386 2617 Guelf.
1409 2577 1571 2617 audien-

123 2642 236 2681 sibus.
