1721 2974
4 249 13 319 η’

1 320 13 364 ἐ

2 369 9 389 7

0 535 13 633 ἲ

409 195 461 237 nd
492 194 655 249 Quintil.
682 192 814 235 lustin.
843 191 878 243 Ι,
917 197 984 234 10.
1017 192 1278 246 §.29-40,
1510 197 1562 236 63

120 310 240 352 modo
272 309 449 366 Phrygio
481 309 621 364 Spald.
649 311 693 349 in
721 308 941 361 exemplari
966 321 1037 347 suo
1066 307 1237 346 conferri
1265 307 1375 357 jussit
1396 304 1563 349 Aristot.

117 377 239 419 Polit.
262 376 343 430 IX,
366 383 390 422 5
421 394 462 432 p.
480 381 561 418 225
593 377 708 417 δοκεῖ
729 379 855 416 ποιεῖν
883 371 1245 421 ἐνθουσιαστικοὺς
1272 369 1297 426 ἦ
1324 374 1562 428 Φρυγιστί.]

233 448 268 500 §0
299 447 368 486 34.
425 456 459 484 et
489 446 581 484 acui
608 443 746 484 Turio.
773 441 881 483 Flor.
917 440 1043 482 Amb.
1068 446 1106 481 1.
1148 439 1271 482 Goth.
1302 439 1440 482 Guelf.
1470 442 1563 484 Par.

122 519 161 555 1.
180 519 222 555 2.
245 518 285 554 6.
327 512 468 566 Camp.
508 510 646 563 sich„
694 511 802 566 quod
840 511 982 549 melius
1011 516 1149 560 sonat,
1193 523 1314 563 quam
1341 511 1563 563 vulgatum.

203 592 237 620 et
267 583 348 634 ing.
379 579 434 620 ad
458 577 572 620 celer.
605 576 742 619 Guelf.
773 577 887 619 Sich.
915 574 1071 632 Gryph⁴
1185 576 1412 618 concedunt.
1467 593 1564 617 con-

112 649 272 687 veniunt
297 647 408 688 Flor.
439 663 462 686 a
489 662 550 701 pr.
579 661 636 686 m.

232 717 266 769 ξ.
297 720 367 756 35.
423 713 476 753 Id
511 712 621 767 vulg.
660 716 783 753 etiam
815 711 956 754 Turio.
985 710 1093 752 Flor.
1122 710 1249 752 Amb.
1271 716 1311 752 1.
1346 727 1373 752 a
1398 728 1477 754 sec.
1505 727 1564 754 m.

115 780 254 839 (unde
290 784 496 837 probabile
532 784 598 833 fit,
642 781 754 820 hunc
794 789 900 820 certe
936 780 1148 834 anquando
1177 788 1357 834 receptae
1384 784 1568 834 cognito-

115 865 204 890 rem
234 846 472 905 exstitisse.)
507 847 636 890 Amb.
666 853 709 889 2.
745 846 870 889 Paris.
893 851 932 887 1.
954 852 995 888 2.
1037 845 1178 901 Camp.
1236 846 1398 900 [Potest
1423 847 1466 888 id
1493 849 1568 889 de-

116 918 230 958 fendi
256 920 306 958 iis
331 932 434 972 quae
465 918 628 970 collegit
646 913 926 955 Ruddimann.
956 912 1132 955 Institut.
1154 912 1294 955 Gram.
1320 912 1414 956 Lat.
1443 915 1566 957 Tom.

114 982 158 1025 Π
185 986 235 1025 de
257 983 551 1026 concordantia
574 1000 614 1037 p.
635 988 688 1024 21
714 983 808 1022 edit.
831 980 1099 1035 Stallbaum.]
1214 984 1255 1022 in
1267 985 1407 1037 primis
1425 982 1566 1025 Turio.

97 1051 226 1093 .Flor.
253 1050 370 1093 Ahn.
390 1051 512 1093 BodJ.
533 1049 625 1092 Bal.
648 1048 789 1104 Camp.
811 1048 915 1090 Obr.
973 1048 1194 1103 Receptam
1210 1059 1345 1090 tuetur
1359 1049 1486 1092 Amb.
1510 1057 1564 1103 1.‚

115 1122 194 1161 nisi
223 1121 332 1175 quod
357 1122 604 1172 transponit:
645 1117 737 1158 salt.
764 1135 829 1172 pr.
944 1116 1010 1156 vel
1029 1116 1143 1173 firq.
1171 1117 1235 1157 vel
1267 1133 1350 1159 om.
1377 1117 1503 1159 Amb.
1527 1124 1566 1161 1.

201 1187 382 1227 dissensit
411 1185 549 1227 Turio.
579 1185 694 1227 Ahn.
723 1183 850 1226 Amb.
869 1192 911 1227 2.
951 1185 1070 1225 Voss.
1094 1191 1131 1226 1.
1153 1191 1192 1226 3.
1231 1183 1368 1227 Guelf.

230 1255 268 1304 §.
299 1259 367 1295 36.
426 1271 517 1294 nam
557 1253 628 1305 de,·
679 1256 735 1294 sic
762 1252 863 1294 Ald.
906 1251 1019 1293 Sich.
1060 1263 1099 1293 et
1142 1255 1233 1294 edd.
1262 1264 1352 1308 post
1382 1253 1565 1310 Gryph.3

115 1323 264 1375 priores
290 1322 326 1361 si
358 1320 428 1373 dc,
468 1330 513 1360 ut
540 1320 667 1362 Aan.
690 1326 728 1362 1.
794 1337 884 1360 nam
914 1323 950 1360 si
976 1320 1023 1359 de
1060 1319 1199 1362 Turio.
1231 1337 1254 1361 a
1280 1337 1341 1375 pr.
1369 1338 1426 1364 m.
1456 1323 1567 1364 Flor.

110 1392 197 1443 jam
223 1391 259 1428 si
287 1389 333 1428 de
361 1387 499 1429 Turio.
533 1403 554 1427 a
582 1404 660 1428 sec.
683 1403 738 1428 m.
770 1387 910 1441 Camp.
1026 1399 1126 1428 sunt.
1185 1391 1262 1428 sint
1291 1388 1429 1430 Turio.
1456 1389 1567 1432 Flor.

113 1455 229 1496 AJm.
249 1455 377 1495 Amb.
394 1461 431 1496 1.
455 1455 595 1509 Camp.
683 1456 810 1495 habet.
843 1455 983 1494 habent
1002 1454 1140 1496 Turio.
1159 1455 1268 1496 Flor.
1286 1455 1566 1500 B0d1.J0ann.

114 1523 263 1564 Baliol.
292 1523 412 1565 Voss.
434 1529 475 1564 2.
500 1528 537 1563 3.
569 1521 706 1564 Guelf.
742 1522 865 1565 Goth.
903 1523 1030 1564 Amb.
1056 1530 1097 1565 2.
1136 1523 1274 1577 Camp.
1304 1524 1415 1565 Jens.
1444 1523 1566 1568 Tarv.

113 1591 225 1633 Ven.
256 1589 396 1646 (quod
426 1594 548 1646 possis
581 1592 629 1631 de
662 1601 829 1648 utraque
866 1595 1106 1645 geometriae
1136 1601 1247 1645 parte
1273 1591 1567 1649 interpretari).

230 1661 264 1713 ᾗ.
292 1664 361 1700 37.
420 1660 511 1700 Iam
547 1662 744 1713 primum3.
791 1663 848 1699 ita
884 1662 1005 1699 etiam
1043 1659 1208 1711 Turic.,
1256 1675 1341 1700 non
1370 1677 1482 1713 nam,
1523 1670 1570 1701 ut

113 1731 159 1767 iu
186 1729 312 1781 praef.
344 1743 385 1782 p.
415 1725 616 1768 LXXIX
644 1729 764 1768 refert
792 1726 932 1782 Spald.
972 1727 1064 1767 Jam
1107 1743 1189 1768 om.
1218 1726 1346 1769 Amb.
1378 1733 1417 1770 1.
1533 1741 1568 1768 et

114 1798 246 1836 certis.
298 1811 353 1834 ex
385 1806 502 1846 cert„
553 1796 661 1849 quod
691 1798 882 1850 optabant
910 1794 1055 1837 Burm.
1086 1805 1125 1836 et
1153 1793 1304 1844 Gesn„
1348 1797 1416 1836 dat
1444 1795 1567 1839 Tarv.

186 1863 284 1920 fiere
322 1874 407 1903 tota
445 1861 578 1922 Amb.
611 1867 649 1903 1.
775 1866 943 1903 invenies
980 1863 1092 1904 Jens.
1133 1873 1172 1903 et
1214 1872 1306 1904 cett.
1344 1865 1437 1905 edd.
1475 1874 1568 1906 ante

116 1929 298 1985 Gryph.‚
336 1946 424 1971 exc.
454 1930 583 1982 Ald.;
632 1931 774 1971 eodem
804 1932 913 1971 ducit
941 1929 1067 1972 Goth.
1090 1933 1262 1984 juvenes.

232 2000 264 2051 ᾗ.
297 2003 362 2038 38.
432 2009 466 2036 et
511 1998 739 2052 syllogismo
780 1998 882 2040 Obr.
926 1998 1053 2053 (nmn
1089 2014 1142 2037 ex
1175 1997 1567 2054 Argentoratensi?)

114 2064 254 2105 Turio.
295 2079 318 2104 a
354 2080 431 2104 sec.
460 2080 516 2105 m.
627 2069 915 2119 grammaticae
951 2066 1043 2120 (vel
1069 2065 1193 2120 —ce)
1223 2067 1413 2121 apodixis
1447 2070 1567 2107 etiam

114 2132 255 2172 Turic.
285 2131 394 2172 Flor.
425 2130 551 2171 Amb.
575 2137 612 2172 1.
635 2139 675 2173 2.
705 2133 831 2173 Paris.
852 2139 891 2174 1.
914 2140 954 2174 2.
979 2134 1101 2174 Tarv.
1125 2133 1235 2174 Ven.
1255 2133 1356 2174 ΑΜ.
1420 2134 1568 2174 Graece

115 2209 174 2239 est
210 2203 254 2238 in
292 2199 401 2239 Jens.
441 2195 547 2252 (tac.
588 2197 737 2250 Gesn.)
793 2201 871 2251 [cf.
919 2200 1125 2241 Addenda
1170 2204 1213 2240 in
1252 2204 1376 2254 praef.
1418 2201 1516 2243 Vol.
1546 2201 1567 2242 Ι

113 2282 156 2321 Ρ.
175 2264 418 2318 LXXIX]
536 2266 681 2305 dicitur
721 2267 858 2307 Turio.
890 2266 1029 2321 Camp-

232 2336 269 2385 §.
301 2340 369 2375 39.
426 2336 528 2373 veris
557 2334 718 2374 similia.
757 2334 896 2375 Turio.
924 2333 1041 2376 Alm.
1070 2333 1182 2376 Flor.
1209 2334 1337 2377 Amb.
1364 2342 1403 2378 1.
1435 2352 1457 2376 a
1484 2354 1564 2379 sec.

115 2417 172 2442 m.
205 2401 347 2455 Camp.

231 2472 264 2524 ᾗ.
296 2471 365 2511 40.
420 2472 589 2524 primum
607 2473 727 2509 etiam
755 2468 845 2510 Par.
868 2474 906 2510 1.
933 2475 973 2510 2.
1007 2468 1148 2525 Camp.
1177 2469 1304 2511 Amb.
1324 2476 1366 2512 2.
1426 2470 1563 2512 Silen-

116 2546 181 2577 tur
207 2535 332 2576 Amb.
354 2541 391 2577 1.
421 2537 531 2578 Flor.
642 2539 887 2590 geometricis
913 2535 1051 2578 Turio.
1083 2553 1106 2577 a
1130 2553 1191 2591 pr.
1212 2554 1268 2579 m.
1297 2537 1406 2579 Flor.
1434 2538 1562 2580 Amb.

118 2609 158 2644 1.
217 2603 438 2658 [Nondum
476 2608 556 2658 legi
596 2608 651 2645 sic
691 2608 772 2657 ejus
803 2608 894 2646 artis
923 2608 1067 2658 peritos
1099 2608 1288 2659 appellari
1315 2610 1561 2662 simpliciter,

116 2673 194 2711 nisi
223 2681 281 2712 est
308 2681 351 2712 ut
378 2675 481 2712 infra
509 2671 543 2723 I,
566 2678 631 2724 11,
655 2679 707 2714 15
735 2672 1010 2728 palaestricis,
1039 2675 1109 2713 ubi
1137 2675 1190 2715 cf.
1217 2672 1356 2729 Spald.
1386 2675 1560 2729 notam]
