1721 2974
414 104 468 145 aa
502 104 665 159 Quintil.
697 106 823 148 rastiz.
853 107 913 158 Χ,
947 111 985 147 1.
1015 109 1064 157 vs.
1092 111 1318 151 89—105.
1509 112 1591 152 417

252 219 290 268 §.
324 223 391 259 97.
450 218 666 259 verborum.
707 218 775 260 Sic
797 219 887 261 Par.
914 225 949 261 1.
972 225 1013 261 2.
1106 221 1227 275 pond.
1255 233 1359 263 auct.
1408 221 1476 265 Sic
1495 222 1584 266 Par.

140 291 178 327 1.
215 292 254 327 2.

249 354 284 406 §.
319 357 386 395 99.
444 352 751 394 Aeliistilonis.
810 353 902 397 Par.
929 361 965 396 1.
985 361 1027 396 2.
1058 350 1313 411 Epistolonis.

250 421 288 472 §.
323 427 417 461 100.
475 419 644 474 quando,
694 420 783 462 Par.
820 427 859 464 1.
884 428 925 464 2.
951 438 1048 463 cum.

249 489 286 539 §.
320 492 414 528 101.
474 504 549 527 non
569 487 660 528 hist.
707 491 773 528 Sic
793 487 885 530 Par.
909 494 948 530 1.
969 495 1008 532 2.
1099 493 1177 542 ita,
1208 508 1322 545 quae.
1367 493 1456 534 Par.
1481 499 1518 534 1.
1541 501 1585 536 2.

134 557 279 610 iraque.
365 566 467 595 sunt.
506 553 598 595 Par.
626 560 664 596 1.
689 561 729 596 2.
753 555 834 596 secl.

245 624 280 675 ᾗ.
315 627 409 663 102.
468 621 564 661 elati
593 625 656 661 vir
688 625 845 676 ingenii.
890 623 982 666 Par.
1013 631 1050 666 1.
1071 632 1111 667 2.
1149 625 1280 666 clarus
1300 630 1468 680 ingenio.

132 689 278 730 creber.
321 689 412 731 Par.
445 693 483 731 1.
506 695 547 730 2.
579 690 766 731 crebrior.
861 708 1029 746 pressus,
1073 692 1141 734 Sic
1162 693 1252 735 Par.
1273 700 1313 735 2.
1373 707 1584 747 expressus·

128 756 220 798 Par.
257 762 293 798 1.

241 827 278 878 ξ.
313 829 407 865 103.
467 828 546 865 suis
564 829 656 880 ipse.
698 825 787 866 Par.
812 832 851 863 2,
878 837 959 863 om.
1010 826 1069 862 vis
1089 827 1177 879 ipsa
1194 824 1285 866 Par.
1311 832 1348 866 1.

243 894 282 942 §.
316 892 408 932 104.
468 896 713 940 imitatore-35
759 900 815 929 ut.
872 887 941 929 Sic
981 888 1072 931 Par.
1105 897 1146 932 2.
1184 907 1262 933 sec.
1292 909 1349 934 m.
1389 897 1582 939 immerito

129 960 275 997 remitti
301 957 393 998 Par.
418 961 456 998 1.
529 955 732 1010 [Fabium
761 958 993 1007 Rusticum,
1033 960 1144 1009 cujus
1172 960 1360 1015 frequens
1391 973 1450 1003 est
1474 967 1582 1018 apud

126 1022 318 1065 Tacitum
337 1027 489 1064 mentio
518 1025 731 1078 (imprimis
753 1022 894 1078 Agric.
920 1024 1002 1079 10),
1032 1028 1246 1079 significari
1268 1026 1431 1082 Sarpius
1449 1035 1583 1085 suspi-

127 1102 239 1132 catus
269 1102 327 1133 est
353 1091 521 1143 Quaest.
555 1093 656 1146 phil.
689 1107 774 1145 cap.
800 1097 836 1131 1.
867 1091 1028 1132 Poterat
1051 1095 1192 1134 eodem
1219 1096 1303 1135 fere
1323 1099 1408 1147 jure
1428 1097 1581 1152 Vipsa-

125 1163 243 1199 nium
263 1159 534 1200 Messallam.
565 1158 724 1211 Quibus
756 1173 872 1213 porro
902 1162 1120 1201 rationibus
1142 1163 1251 1201 idem
1268 1162 1432 1218 Sarpius
1454 1175 1492 1206 et
1512 1170 1583 1206 alii

124 1229 263 1266 locum
287 1238 518 1281 corruptum
542 1230 710 1281 aggressi
743 1230 844 1276 sint,
892 1229 985 1267 vide
1015 1231 1059 1267 in
1087 1230 1182 1269 edit.
1206 1229 1388 1272 Frotsch.
1410 1248 1582 1274 excursu

123 1292 178 1335 II.
238 1294 356 1347 Nam,
385 1305 431 1336 ut
453 1298 577 1334 libere
598 1298 746 1346 fatear,
779 1310 919 1335 earum
935 1297 1050 1335 nulla
1070 1299 1192 1350 paulo
1217 1298 1321 1337 mihi
1339 1302 1582 1353 probabilior

124 1364 296 1403 videtur.
365 1361 478 1403 Leve
506 1372 587 1414 est,
628 1364 738 1418 quod
767 1372 939 1413 annoto,
987 1364 1058 1403 sed
1084 1367 1230 1405 fefellit
1259 1375 1395 1405 tamen
1419 1371 1580 1418 multos,

124 1447 194 1469 nec
214 1432 430 1470 imitatores
459 1428 538 1486 (cf.
559 1432 665 1470 infra
696 1435 730 1481 §.
757 1430 862 1484 126)
895 1433 962 1472 vel
988 1435 1250 1484 grammatica
1283 1436 1438 1473 ratione
1469 1450 1584 1475 coar-

124 1501 216 1550 gui,
268 1501 462 1552 quoniam
506 1499 676 1538 debebat
714 1514 795 1538 esse
834 1515 928 1537 non
969 1500 1199 1540 imitatores.
1268 1499 1582 1542 Restituendum

122 1568 247 1618 igitur
276 1566 435 1605 videtur
468 1582 536 1604 nec
569 1567 782 1614 immerito,
825 1580 904 1620 qua
921 1568 1095 1606 formula
1117 1568 1277 1607 dicendi
1300 1566 1581 1619 Quintilianus

123 1633 356 1673 delectatur.
415 1631 577 1672 Deinde
598 1636 779 1688 plerique
805 1648 942 1673 omnes
966 1632 1157 1673 libertatis
1179 1649 1331 1675 nomen
1353 1643 1392 1675 et
1411 1631 1582 1677 &erbum

121 1716 260 1740 nocere
283 1701 334 1739 ad
366 1703 567 1753 pericula,
609 1716 713 1755 quae
743 1710 832 1740 tum
856 1703 983 1740 libere
1017 1702 1065 1740 de
1090 1718 1175 1756 rep.
1198 1704 1374 1743 dicentes
1394 1706 1463 1743 vel
1483 1708 1583 1744 scri-

120 1769 260 1807 bentes
278 1770 608 1813 circumstabant,
639 1770 843 1809 referunt:
877 1769 987 1824 quod
1001 1771 1120 1822 longe
1139 1770 1243 1809 mihi
1263 1773 1377 1810 aliter
1402 1772 1579 1813 videtur.

120 1833 229 1875 Nam
249 1837 447 1887 scriptoris
466 1837 593 1873 nostri
610 1837 844 1887 ingenium,
884 1837 993 1890 quod
1018 1852 1141 1891 quam
1169 1839 1361 1877 timidum
1388 1847 1427 1878 et
1449 1842 1581 1879 obno-

120 1905 240 1942 xium
266 1904 496 1955 principum
526 1891 749 1941 adulationi
774 1905 918 1951 fuerit,
956 1907 1144 1956 proxima
1173 1908 1320 1958 pagina
1340 1896 1482 1946 testata
1507 1916 1580 1958 est,

122 1972 173 2010 ab
197 1971 309 2008 omni
327 1969 520 2020 ejusmodi
539 1974 921 2009 commemoratione
947 1971 1149 2021 abhorret,
1185 1986 1261 2011 nec
1280 1976 1412 2024 potuit
1432 1976 1480 2012 ab
1502 1973 1581 2014 hoc

121 2039 184 2077 vir
206 2039 334 2076 clarus
356 2039 570 2090 appellari,
603 2038 652 2076 de
672 2040 781 2087 cujus
802 2041 995 2077 submisso
1019 2039 1203 2078 adversus
1222 2042 1421 2093 principes
1444 2043 1581 2081 animo

121 2107 208 2144 ulla
239 2092 443 2144 dubitatio·
470 2113 583 2145 esset.
645 2102 902 2159 Quapropter
928 2105 1145 2145 libertatem
1165 2116 1205 2146 et
1226 2107 1504 2147 circumcidere
1530 2110 1581 2149 de

121 2175 250 2212 nimia
280 2175 403 2226 ipsius
432 2172 608 2211 hominis
636 2176 845 2213 severitate
875 2176 921 2212 in
949 2175 1185 2227 castigandis
1218 2183 1336 2229 atque
1364 2175 1464 2215 adeo
1507 2176 1582 2215 da-

120 2241 310 2280 mnandis
333 2241 594 2296 delendisque
615 2243 799 2293 operibus
820 2244 900 2281 suis
924 2244 1123 2295 intelligo,
1155 2257 1278 2297 quam
1300 2241 1581 2294 Quintilianus

121 2307 184 2347 vel
214 2324 351 2347 nocere
381 2312 436 2348 ait
464 2311 508 2347 111
535 2311 766 2362 publicmn,
807 2310 1009 2366 siquidem
1026 2313 1096 2349 ille
1115 2311 1311 2350 studiosos
1331 2313 1413 2361 jam
1434 2313 1583 2350 oratio-

122 2391 225 2415 num
256 2378 391 2416 fructu
425 2379 592 2430 priv‘arit
626 2391 678 2415 ex
717 2386 842 2430 parte.
910 2376 964 2416 Et
1009 2393 1062 2416 ne
1102 2380 1210 2417 solus
1244 2375 1484 2430 ἀσύμβολος
1515 2380 1583 2417 vel

122 2439 318 2497 ἄμομφος
347 2446 488 2483 abeam
507 2473 520 2492 ,
559 2446 592 2484 si
613 2445 772 2498 quando
802 2445 988 2484 tenebrae
1010 2446 1155 2499 quibus
1177 2461 1287 2486 nunc
1304 2448 1415 2486 locus
1434 2447 1581 2499 tegitur

124 2510 320 2550 discussae
350 2513 524 2563 fuerint,
564 2515 688 2552 velim
713 2512 1007 2566 propemodum
1035 2509 1434 2564 remedii'libertaffi]

238 2578 277 2628 §.
311 2583 407 2621 105.
463 2597 540 2620 non
558 2583 613 2619 sit
629 2579 684 2619 id.
734 2578 825 2619 Par.
852 2585 885 2618 1.
906 2573 946 2620 2.
973 2596 1010 2619 n.
1034 2582 1061 2619 i.
1085 2594 1119 2620 ε.

169 2658 270 2692 Τοιη.
297 2658 340 2693 V.
1027 2644 1068 2686 D
1094 2647 1120 2685 d
