1721 2974
101 132 184 170 393
548 128 825 186 Supplementa
853 129 1124 170 annotationis

99 240 330 299 manffcsiat
345 245 586 293 sententiam,
626 244 695 284 sed
712 243 817 283 illud
841 252 856 281 t
875 251 1103 282 extremum
1121 243 1164 282 in
1183 244 1306 283 verbo
1324 242 1552 301 mam-:fimat

100 325 125 350 a
145 319 365 350 correctore
387 312 569 352 additum
588 321 660 351 est.
712 310 850 351 Antea
870 310 1086 351 Schiitzius
1117 314 1262 351 maluit
1283 321 1418 350 onerat
1435 312 1554 351 scribi

98 392 172 432 pro
193 389 397 429 oneratur,
428 382 514 419 sine
534 393 652 419 causa
673 376 864 431 idonea.]
955 378 1057 419 ocul.
1079 390 1150 420 tot.
1189 378 1258 420 Sic
1279 378 1371 420 Par.
1394 383 1433 419 1.
1454 383 1495 419 2.

214 460 250 510 §.
283 457 352 498 49.
413 457 559 497 delata.
599 456 667 496 Sic
697 456 789 497 Par.
825 461 865 497 1.
896 463 937 498 2.
970 460 1043 497 bis.
1105 457 1301 512 [Schfitz.
1327 474 1368 511 p.
1401 461 1455 498 30
1487 465 1556 496 aut

100 523 225 565 deleta
236 555 248 574 ,
281 535 351 566 aut
377 525 523 576 delata,
570 523 729 564 sublata
751 527 910 565 inverso
933 526 1073 565 ordine
1092 528 1350 567 scribendum
1368 523 1556 578 judicat]

184 595 354 634 mixtae.
389 592 483 633 Par.
509 597 546 632 1.
570 597 611 632 2.
639 595 790 634 mixta.

213 674 250 725 §.
282 676 349 713 50.
407 670 530 712 locus.
569 670 680 713 Hoc.
721 671 814 713 Par.
836 677 875 713 1.
896 678 937 715 2.
958 675 1081 715 inser.
1102 672 1215 715 talis.
1312 672 1356 713 id
1378 680 1447 712 e'st.
1486 668 1557 712 Sic

99 740 191 784 Par.
215 745 252 780 1.
311 755 346 779 e.
370 740 399 779 i.
425 737 517 779 Par.
540 744 582 780 2.

177 819 182 824 ’
212 822 249 873 §.
281 822 350 860 52.
407 817 548 858 Multa
578 835 741 874 quoque.
789 818 858 861 Sic
889 819 981 861 Par.
1017 825 1055 861 1.
1088 826 1128 862 2.

216 889 251 940 §.
281 888 350 927 53.
410 896 578 941 utrumq.
603 904 714 928 coac.
770 886 863 929 Par.
890 893 928 928 1.
953 891 1073 929 inser.
1100 888 1251 930 horum.

211 967 249 1019 §.
282 966 350 1007 54.
409 968 517 1021 quia.
556 965 625 1006 Sic
652 966 745 1007 Par.
777 972 817 1007 1.
839 973 879 1009 2.

212 1047 248 1098 §.
279 1050 346 1087 55.
406 1044 501 1084 Non
519 1047 620 1084 enim
634 1070 692 1077 —-
714 1045 783 1085 sed
801 1063 892 1087 non.
923 1044 991 1087 Sic
1011 1045 1102 1086 Par.
1126 1051 1163 1086 1.
1183 1052 1222 1088 2.

217 1126 256 1176 §.
288 1127 356 1165 56.
416 1123 480 1162 Sit
501 1134 643 1166 tamen.
674 1124 743 1166 Sic
760 1124 853 1166 Par.
876 1130 916 1165 1.
973 1124 1064 1165 Sint
1082 1135 1209 1165 tamen
1228 1124 1320 1166 Par.
1341 1130 1382 1166 2.
1473 1134 1560 1171 tra-3

99 1194 200 1235 dita.
232 1191 300 1233 Sic
318 1191 411 1232 Par.
435 1196 473 1232 1.
494 1197 535 1232 2.

213 1272 251 1324 §.
284 1274 352 1312 57.
410 1281 536 1312 ortuS.
575 1269 644 1312 Sic
666 1270 758 1312 Par.
783 1276 821 1312 1.
845 1277 886 1313 2.

213 1355 250 1404 §.
283 1355 354 1395 58,
407 1352 586 1404 gratiam
613 1360 761 1405 petunt.
792 1348 860 1391 Sic
881 1349 974 1397 Par.
999 1354 1038 1390 1.
1060 1354 1103 1391 2.
1189 1365 1245 1390 ex·
1275 1350 1434 1392 συνεκδ.
1466 1350 1558 1393 dist.

100 1418 170 1461 Sic
190 1418 281 1460 Par.
298 1424 339 1459 2.
423 1417 577 1471 gaudio
611 1417 800 1458 Graecus.
838 1416 931 1458 Par.
955 1423 993 1458 1.
1017 1423 1058 1458 2.
1085 1417 1256 1470 gaudeo.
1301 1418 1393 1460 Par.
1418 1425 1459 1461 2.
1479 1435 1559 1462 sec.

101 1503 160 1527 m.
180 1486 328 1540 gaudio
351 1484 539 1527 Graecos.
633 1484 748 1525 Cras.
778 1484 847 1526 Sic
870 1484 963 1526 Par.
985 1490 1027 1525 2.
1087 1502 1174 1524 eras
1193 1485 1285 1527 Par.
1309 1491 1348 1528 1.
1434 1488 1563 1529 tabel-

101 1554 209 1595 larii.
246 1554 339 1595 Par.
363 1558 400 1594 1.
423 1560 464 1594 2.
487 1552 708 1593 tabellarie.
806 1553 892 1593 kas.
941 1551 1080 1591 Etiam
1104 1551 1232 1594 Amb.
1256 1559 1294 1594 1.
1318 1570 1424 1596 cras.

218 1633 257 1683 §.
290 1637 355 1672 60.
416 1631 517 1671 nihil
543 1648 620 1671 non
639 1656 697 1663 —
718 1631 890 1686 aliquid,
921 1631 976 1670 id.
1014 1629 1085 1671 Sic
1106 1630 1199 1672 Par.
1227 1636 1265 1672 1.
1288 1637 1330 1673 2.

217 1712 253 1763 §.
286 1715 355 1751 61.
415 1710 502 1764 Ego
523 1727 581 1750 nc.
619 1709 711 1751 Par.
738 1716 775 1751 1.
795 1716 835 1751 2.
865 1709 995 1762 Nego.
1097 1720 1165 1748 aut
1195 1709 1300 1751 lusit.
1338 1710 1430 1752 Par.
1458 1717 1496 1754 1.
1517 1720 1561 1755 2.

101 1778 279 1833 lusitque.
339 1776 492 1832 [Recte
512 1778 728 1818 Schiitzius
749 1781 793 1817 in
815 1779 905 1817 diss.
926 1777 1095 1817 Halensi
1112 1794 1154 1831 p.
1170 1783 1222 1819 30
1244 1778 1342 1819 data
1362 1781 1413 1820 ad
1432 1784 1563 1835 ipsam

102 1849 312 1902 epistolam
334 1861 381 1885 eo
403 1847 468 1886 die
489 1849 678 1899 scriptam
698 1849 897 1899 pertinere
926 1846 1101 1899 censet.]

217 1929 255 1977 §.
289 1930 355 1967 62.
415 1925 588 1976 dictum,
621 1928 698 1965 cui.
729 1924 798 1966 Sic
817 1924 909 1965 Par.
936 1929 972 1963 1.
999 1930 1039 1964 2.

216 2010 252 2060 §.
282 2007 348 2047 64.
408 2005 502 2045 Νοη
529 2007 629 2059 utiq.
667 2003 759 2044 Par.
783 2009 819 2043 1.
842 2010 882 2044 2.
918 2002 974 2042 Ν.
1003 2004 1126 2058 utriq.
1211 2001 1378 2060 factam
1399 2008 1562 2061 conjun-

103 2077 282 2116 ctionem.
321 2074 412 2115 Par.
437 2079 475 2115 1.
499 2079 541 2114 2.
563 2072 690 2129 facia
715 2073 950 2125 conjunctio.

220 2145 256 2194 §.
290 2147 355 2183 65.
414 2153 456 2181 ut
474 2145 562 2180 sim.
601 2139 692 2181 Par.
715 2145 753 2180 1.
774 2145 814 2180 2.
838 2149 907 2178 aut
925 2155 958 2179 s,
1020 2139 1146 2193 [quae
1163 2155 1218 2178 ex
1236 2142 1386 2180 vicinia
1403 2145 1558 2184 transit.

104 2210 243 2251 Scribe
274 2212 499 2250 secundum
526 2208 655 2249 Amb.
684 2213 720 2248 1.
754 2223 832 2262 qua
854 2208 906 2260 fit
937 2222 993 2245 eoe
1020 2209 1171 2246 vicinia
1203 2211 1414 2261 transitus,
1462 2226 1561 2250 nam

102 2282 233 2319 vicina
246 2312 256 2330 ,
291 2280 399 2334 quod
419 2282 463 2317 iu
484 2281 556 2317 illo
575 2280 677 2316 libro
698 2279 858 2328 legitur,
894 2275 1092 2313 mendum
1113 2283 1171 2314 est
1188 2276 1388 2328 vulgare]

218 2349 255 2397 §.
289 2352 355 2387 66.
403 2349 484 2402 fig.
509 2345 625 2400 quocl.
655 2344 747 2385 Par.
762 2348 798 2383 1.
813 2349 852 2383 2.
863 2341 910 2398 f
934 2359 1034 2396 quae
1050 2342 1140 2382 Par.
1162 2349 1202 2383 2.
1222 2359 1300 2383 sec,
1322 2360 1376 2385 m.
1466 2363 1562 2386 con-

103 2417 219 2453 vertit
246 2439 303 2446 —
333 2426 369 2453 et
393 2417 561 2454 excitat.
599 2412 691 2453 Par.
715 2416 753 2451 1.
775 2417 815 2452 2.
847 2421 1001 2450 vertunt
1021 2435 1079 2441 —
1106 2421 1141 2449 et
1162 2413 1357 2451 excitant.
1450 2417 1562 2454 Hinc

104 2491 175 2521 esi.
224 2481 317 2522 Par.
351 2488 386 2523 1.
422 2489 463 2524 2.
496 2482 588 2521 kuic
617 2496 754 2520 nomen
781 2489 849 2519 est.
967 2480 1247 2518 annominazio.
1287 2478 1355 2520 Sic
1392 2479 1484 2522 Par.
1516 2487 1557 2524 2.

105 2564 261 2601 agnom.
292 2549 382 2590 Par.
411 2555 450 2591 1.

220 2617 257 2668 ᾗ.
290 2621 355 2657 67.
415 2620 608 2671 arguitur.
648 2614 741 2656 Par.
762 2619 863 2665 1.,2.
885 2625 1062 2668 augetur.
