1721 2974
158 164 239 200 310
610 158 884 214 Supplcmcntcz
925 160 1189 198 annotationis

244 282 351 311 recta
371 271 443 312 illa
465 289 543 327 rep.
594 271 703 312 Flor.
741 270 880 324 Camp.
913 287 992 325 rep.
1023 274 1051 310 i.
1083 287 1115 311 r.
1226 270 1418 325 judicum.
1468 272 1606 314 Turio.

159 353 182 377 a
211 355 271 392 pr.
302 355 358 379 m.
389 339 498 381 Flor.
522 340 642 380 Tarv.
658 338 863 392 judicium.
924 337 1062 378 Tul-ic.
1094 354 1116 377 a
1143 354 1222 379 sec.
1253 355 1307 380 m.
1340 338 1474 380 Guelf.
1505 341 1610 380 incli-

161 409 282 446 cium..
333 407 440 447 Jens.
465 408 651 447 indicum.

273 475 308 526 §.
342 480 379 515 3.
450 477 676 528 optimeque.
738 471 873 513 Guelf.
917 475 1169 528 optimaeque.
1311 490 1412 528 quae
1452 473 1610 516 diceret.

160 539 285 580 Amb.
315 547 370 592 1.‚
410 542 518 595 quod
543 540 800 593 Spaldingius
823 541 1124 590 desideraverat,
1165 541 1260 595 quicl
1288 542 1432 581 diceret
1475 540 1612 596 (prius

162 610 251 648 fort.
275 609 386 663 quod.
406 609 442 647 d.
460 609 473 661 )
525 606 634 647 Flor.
657 607 750 662 quisl
771 608 958 647 dicerent.
1043 608 1142 647 idem
1165 612 1219 649 in.
1273 608 1340 649 Sic
1361 613 1482 648 etiam
1501 608 1613 649 Sich.

163 687 198 713 ct
218 679 338 714 inser.
360 690 519 729 quoque
540 673 574 714 F
576 676 651 715 lor.
740 675 973 715 dinumerat.
1018 674 1157 717 Turio.
1181 676 1417 716 denumerat.
1504 676 1618 715 Licet

164 753 212 782 ct.
263 742 391 781 Amb.
422 747 459 782 1.
494 742 636 782 licebit.
725 759 813 781 num
835 742 943 797 quicl.
996 742 1132 783 Turio.
1170 759 1191 782 a
1218 759 1278 796 pr.
1296 759 1351 783 m.
1385 760 1475 782 num
1501 742 1617 797 quod.

251 812 474 863 responsuri
500 812 590 849 sint.
639 807 763 850 Amb.
802 815 840 850 1.
868 809 977 849 Flor.
1009 809 1149 863 Camp.
1186 827 1439 865 responsurus
1469 814 1533 850 sit.

167 877 400 917 aduersarii.
455 875 577 917 Amb.
604 882 641 916 1.
673 875 782 917 Flor.
813 892 834 915 a
853 893 913 930 pr.
935 893 989 917 m.
1024 876 1164 931 Camp.
1193 878 1457 919 adversarius.
1510 877 1619 918 Flor.

167 944 419 983 adversariis.
522 945 582 983 lzis
603 955 639 982 et
659 945 733 984 liis.
785 942 923 997 Camp.
946 947 995 984 iis
1017 955 1052 983 ct
1070 945 1144 984 his.

281 1014 319 1062 §.
353 1013 396 1052 4.
458 1011 634 1067 aliquod.
687 1011 823 1052 Turio.
857 1027 878 1050 a
898 1028 957 1064 pr.
977 1028 1031 1052 m.
1071 1011 1238 1066 aliquid.
1346 1013 1497 1068 reliquit
1519 1029 1623 1055 vero.

167 1077 288 1119 Aan.
311 1085 347 1119 1.
370 1095 449 1119 om.
469 1096 574 1120 vero.
626 1078 735 1119 Flor.
769 1078 924 1133 reliquit
948 1082 1026 1133 jus.
1146 1096 1215 1119 con
1242 1082 1322 1133 ugit
1345 1092 1394 1120 et.
1440 1080 1562 1120 Aan.
1587 1087 1624 1122 1.

168 1162 250 1187 om.
274 1158 322 1187 et.
374 1147 510 1187 Turio.
534 1162 556 1186 a
585 1163 644 1200 pr.
675 1163 730 1186 m.
766 1147 978 1202 corficgite.
1028 1145 1138 1187 Flor.
1173 1147 1396 1204 coifilgere.
1508 1151 1625 1188 sciret

169 1214 204 1253 h.
227 1231 258 1254 e.
281 1215 318 1253 lz.
366 1214 476 1254 Flor.
503 1213 643 1268 Camp.
667 1215 704 1254 lz.
730 1231 762 1254 ε.
786 1214 825 1254 ἦ.
845 1231 901 1254 sc.

283 1283 317 1334 ᾧ.
351 1288 389 1323 5.
450 1300 564 1322 nunc.
616 1282 753 1322 Turio.
781 1297 802 1319 a
822 1297 900 1322 sec.
922 1297 973 1320 m.
995 1292 1108 1331 tunc,
1152 1298 1242 1322 cum
1264 1280 1401 1322 Guelf.
1504 1300 1625 1323 occa-

170 1351 310 1389 siones.
362 1349 499 1389 Etiam
520 1349 644 1390 Aan.
670 1355 706 1390 1.
730 1347 840 1388 Flor.
862 1348 952 1389 Par.
977 1355 1014 1390 1.
1037 1356 1077 1391 2.
1099 1353 1380 1392 accusationes.
1481 1354 1623 1390 causis.

173 1415 284 1457 Sich.
325 1433 486 1472 quoque
522 1420 637 1457 ausis.
763 1433 925 1471 quoque.
976 1416 1086 1458 Flor.
1123 1435 1307 1473 quaeque.
1426 1418 1520 1458 Nee.
1551 1418 1627 1474 rqf'.

175 1481 299 1524 Goth.
321 1501 437 1539 neque
457 1503 491 1524 r.
598 1487 715 1524 etiam
735 1485 798 1524 ab.
847 1483 983 1539 Camp.
1005 1497 1042 1524 et
1061 1486 1124 1526 αἶ).
1232 1485 1435 1540 quaedam.
1487 1486 1627 1526 Turio.

174 1567 197 1591 a
226 1568 285 1605 pr.
316 1567 372 1592 ln.
405 1552 603 1606 quendam.

289 1621 326 1670 §.
359 1624 397 1659 6.
455 1631 626 1673 possunt.
677 1618 801 1660 Amb.
833 1626 870 1661 1.
899 1621 1066 1675 possint.
1179 1623 1382 1662 monentis,
1444 1619 1578 1661 Turio.
1608 1635 1632 1661 a

175 1702 234 1740 ΡΥ.
255 1701 309 1726 ln.
330 1690 543 1726 momentis.
599 1686 721 1727 Goth.
746 1690 947 1727 moventi&

293 1754 330 1804 §.
362 1759 403 1794 7.
463 1749 616 1809 epilogi.
664 1754 802 1795 Turio.
824 1770 845 1793 a
864 1771 922 1807 pr.
942 1769 994 1793 m.
1015 1754 1192 1809 epilogis.
1304 1757 1442 1795 visum.
1492 1753 1630 1795 Turio.

179 1837 202 1860 a
223 1838 280 1875 pr.
303 1837 358 1861 m.
382 1825 533 1873 virum,
576 1837 598 1861 a
624 1837 701 1861 sec.
727 1837 820 1861 cum
839 1820 973 1862 Guelf.
995 1838 1140 1860 verum.
1188 1855 1190 1857 ,
1246 1821 1452 1876 plerisque.
1494 1821 1632 1861 Tul-ic.

181 1904 203 1928 a
220 1904 280 1942 pr.
300 1904 356 1928 m.
375 1888 509 1942 pleri&
606 1889 866 1943 philosophis.
915 1888 1053 1928 Turio.
1080 1904 1102 1927 a
1124 1904 1183 1941 pr.
1213 1904 1269 1928 m.
1297 1886 1433 1928 Guelf.
1453 1888 1635 1943 philoso-

179 1956 294 2010 phus,
406 1959 508 2010 quia.
559 1954 681 1996 Goth.
707 1959 786 2010 qui.
902 1956 1081 2010 qffictus.
1130 1955 1235 1995 Edd.
1269 1970 1291 1994 a
1317 1955 1426 1995 Jens.
1457 1956 1507 1994 ad
1534 1954 1634 1995 Ald.

183 2023 358 2078 affictus.
444 2023 735 2077 prohibebatur.
784 2022 923 2077 Camp.
943 2023 1208 2077 prohibeatur.
1309 2025 1446 2062 miror.
1497 2021 1633 2062 Tul-ic.

183 2106 206 2130 a
238 2106 298 2144 pr.
325 2105 376 2129 m.
415 2093 555 2130 minor.
666 2092 754 2131 loco
788 2102 856 2131 est.
913 2089 981 2130 Sic
1015 2093 1135 2129 etiam
1163 2088 1197 2129 F
1199 2093 1272 2130 lor.
1398 2100 1435 2128 et
1465 2091 1506 2128 in
1537 2105 1634 2129 com.

185 2155 333 2211 Camp.
369 2172 449 2198 om.
490 2169 539 2198 et.
667 2161 832 2214 possint.
891 2157 1028 2198 Turio.
1078 2172 1100 2197 a
1139 2172 1198 2211 pr.
1239 2171 1296 2198 m.
1346 2155 1457 2197 Flor.
1499 2154 1636 2196 Guelf.

182 2235 358 2279 possunt.

303 2295 338 2342 ξ.
372 2297 410 2332 8.
471 2310 612 2334 omnes.
666 2309 747 2334 om.
781 2292 914 2334 Guelf.
1040 2293 1206 2332 actionis
1235 2292 1282 2330 si.
1341 2288 1482 2345 Camp.
1515 2292 1636 2331 inser.

190 2361 319 2400 etiam.
395 2359 566 2417 fuerint.
620 2359 754 2402 Guelf.
764 2361 947 2417 fuerunt.
1028 2360 1302 2414 perorationis-
1355 2356 1492 2398 Turio.
1516 2372 1539 2397 a
1558 2373 1637 2398 sec.

190 2442 246 2466 m.
278 2430 479 2467 orationis.
563 2439 815 2483 patronoque.
864 2428 1000 2468 Turio.
1033 2443 1055 2467 a
1085 2444 1145 2481 pr.
1177 2441 1232 2465 m.
1258 2435 1427 2480 patrono
1445 2441 1553 2480 quac.

193 2510 246 2532 ex
266 2510 399 2548 aequo.
448 2494 516 2535 Sic
537 2499 657 2535 etiffln
674 2495 782 2536 Flor.

307 2563 343 2613 ᾗ.
377 2567 415 2602 9.
477 2562 625 2603 iisdem.
686 2562 807 2604 Amb.
838 2569 875 2604 1.
915 2578 1074 2618 quoque
1106 2560 1240 2601 isdem.
1343 2559 1440 2616 fere
1468 2569 1639 2599 utuntur.

197 2626 306 2666 Flor.
330 2628 470 2683 Camp.
498 2631 636 2670 ordine
656 2633 828 2673 inverso.
948 2634 1076 2670 rarius
1109 2653 1165 2660 —-
1193 2644 1240 2669 ac
1262 2630 1403 2681 magis.
1451 2625 1569 2668 Amb.
1603 2630 1639 2666 1.
