1721 2974
126 173 179 214 34
568 168 840 224 Supplcmcnia
880 167 1143 207 annotationis

129 284 325 339 particula
352 299 418 326 an.
474 281 693 323 Verissime
722 281 861 336 Spald.
890 281 1198 320 affirmationem
1228 281 1420 334 agnoscit.
1471 278 1582 320 Vide

129 355 162 393 si
190 354 321 406 placet
349 359 556 404 grammat.
585 348 678 390 Lat.
709 364 844 389 meam
873 352 909 400 ς.
938 347 1068 398 354.]

243 423 279 473 §.
311 424 380 460 20.
441 428 676 457 reservatum
718 418 814 456 dant
853 418 975 455 etiam
1005 412 1146 455 Turio.
1177 413 1286 455 Flor.
1326 414 1451 455 Paris.
1478 419 1516 454 1.
1539 419 1580 454 2.

135 486 276 540 Camp.
310 492 348 526 et
379 484 470 525 edd.
514 495 605 524 ante
647 483 776 525 Stoer.
818 483 932 537 (exc.
975 482 1126 533 Badio,
1175 484 1247 536 qui
1287 482 1412 522 edidit
1450 482 1585 522 obser-

128 552 303 607 vatum).
363 563 557 591 scr-valum
584 554 675 592 fort.
706 560 840 591 tuetur
871 548 994 590 Amb.
1019 555 1081 601 1.,
1126 552 1195 604 qui
1222 565 1308 588 non
1337 559 1584 590 memoratur

129 645 186 655 --
223 635 460 676 quanquam
495 621 600 659 hanc
642 621 881 659 conferentis
911 621 1200 671 negligentiam
1229 620 1468 670 putaveriln.

130 689 413 744 adspirat-etur.
475 688 726 741 adspirat-ent
756 683 897 722 Turio.
928 684 1035 723 Flor.
1066 684 1186 725 Bodl.
1215 685 1362 725 Joaun.
1394 687 1512 725 Voss.
1543 689 1582 724 1.

129 756 264 797 Andr.
306 755 431 805 Obr.,
478 756 651 792 verisiln.
703 748 826 791 Amb.
862 755 900 790 1.
1026 753 1069 789 in
1110 760 1202 789 ante
1242 753 1426 805 triumpis
1464 755 1583 791 inser.

130 822 270 865 Turio.
300 821 408 863 Flor.
439 819 561 861 Amb.
587 824 623 858 1.

242 896 277 945 §.
309 895 375 933 21.
436 887 490 927 acl
529 902 597 925 nos
640 902 771 940 usque.
828 883 935 924 Flor.
976 901 1095 939 usque
1134 883 1188 924 cul
1226 901 1313 933 nos,
1366 887 1439 940 qui
1467 899 1583 938 saepe

129 963 254 1013 magis
285 959 440 1009 vulgari
478 956 695 994 verborum
733 955 995 993 collocatione
1024 956 1164 992 utitur.
1283 964 1319 991 et
1350 952 1457 991 mehe
1486 969 1584 1007 quo-

129 1044 213 1082 que.
280 1024 341 1065 Ita
375 1024 514 1078 Spald.
553 1025 681 1072 solus,
736 1035 816 1075 quo
855 1023 957 1060 libro
1000 1020 1164 1070 ductus,
1207 1024 1356 1062 nescio.
1427 1020 1584 1062 Omnes

130 1097 237 1132 enim
268 1096 416 1146 priores
447 1107 539 1130 nam
569 1107 621 1130 m.
653 1093 739 1129 sine
763 1091 954 1128 varietate
980 1104 1001 1127 e
1024 1089 1253 1141 codicibus3
1297 1090 1441 1128 diserte
1463 1090 1584 1128 affer-

127 1170 193 1200 tur
223 1177 313 1199 nam
344 1176 364 1198 e
394 1156 533 1198 Turio.
575 1166 615 1197 et
644 1157 769 1198 Paris.
795 1161 832 1196 1.
855 1162 895 1196 2.
1011 1172 1091 1194 mee
1117 1177 1174 1185 —-
1199 1159 1255 1196 mi
1293 1154 1433 1197 Turic.
1475 1156 1584 1196 Flor.

127 1244 233 1267 meae
259 1251 315 1256 ——
343 1229 402 1265 mi
437 1225 578 1280 Camp.

267 1326 275 1334 .
320 1300 388 1336 22.
457 1303 498 1332 ut
538 1302 630 1333 ante
669 1292 879 1343 videlicet,
942 1301 987 1332 ut
1037 1292 1200 1344 optabat
1241 1288 1499 1344 Spaldingius
1539 1294 1585 1330 iu

125 1365 252 1416 praef.
285 1361 383 1402 Vol.
404 1359 425 1400 Ι
454 1376 493 1414 p.
513 1359 691 1401 LXXV
722 1360 981 1415 (adversante
1012 1358 1153 1411 Sarpio
1184 1356 1305 1397 final.
1326 1375 1364 1412 p.
1390 1358 1464 1414 41)
1501 1375 1581 1400 om.

127 1429 250 1470 Amb.
276 1435 313 1469 1.
346 1427 488 1468 Locat.
508 1427 613 1469 Bad.
649 1427 765 1469 Cerv.
882 1427 999 1466 verbo
1022 1443 1049 1466 a
1074 1426 1235 1465 Graccis
1262 1424 1371 1467 Flor.
1487 1443 1585 1482 quos

131 1496 275 1536 Graeci
322 1494 463 1549 Camp.
518 1493 643 1536 Goth.
697 1494 801 1550 (tac.
853 1493 1004 1548 Gesn.)
1044 1492 1180 1535 Guelf.
1253 1492 1411 1534 Totum
1447 1497 1586 1534 locum

127 1563 250 1605 Amb.
284 1569 322 1604 1.
362 1567 419 1603 ita
459 1564 648 1604 exhibet:
700 1564 767 1618 qni
797 1573 908 1602 tonos
947 1561 1152 1617 (sequitur
1180 1565 1356 1616 spatium
1383 1561 1584 1617 vacuum)

125 1631 190 1672 vel
225 1642 407 1671 accentus
445 1630 617 1686 (iterum
651 1640 750 1684 spat.
780 1629 882 1683 rel.)
920 1631 1104 1685 apompd'.
1217 1640 1414 1684 ponuntur
1442 1628 1584 1671 Turio.

125 1699 234 1740 Flor.
276 1697 399 1739 Amb.
435 1705 473 1739 1.
515 1697 650 1740 Guelf.
694 1697 813 1739 Bodl.
854 1698 1002 1739 Joann.
1041 1696 1155 1739 Alm.
1187 1697 1306 1738 Voss.
1330 1703 1367 1737 1.
1388 1703 1427 1739 3.
1458 1697 1583 1739 Bern.

123 1777 321 1823 ponantur
358 1765 508 1807 Baliol.

238 1840 274 1888 §.
306 1840 374 1875 23.
436 1845 504 1873 aut
534 1837 648 1890 apice
679 1836 802 1878 etiam
821 1833 960 1874 Turio.
981 1833 1089 1874 Flor.
1110 1832 1236 1873 Amb.
1265 1838 1302 1873 1.
1335 1832 1458 1873 Paris.
1482 1841 1521 1874 1.
1541 1841 1582 1876 2.

129 1902 268 1956 Camp.
385 1906 561 1956 sequenti
591 1900 732 1942 Turio.
764 1901 872 1942 Flor.
905 1900 1032 1941 Amb.
1059 1906 1096 1942 1.
1129 1900 1251 1942 Goth.
1275 1898 1410 1940 Guelf.
1435 1900 1584 1942 Baliol.

127 1973 242 2011 Voss.
278 1975 316 2010 1.
348 1974 388 2010 2.
433 1968 557 2009 Bern.
600 1969 742 2022 Camp.
815 1971 1056 2023 [Spalding.
1100 1970 1208 2022 quod
1247 1972 1291 2006 in
1330 1977 1427 2007 nota
1453 1972 1587 2008 textui

126 2041 302 2089 subjecta
342 2039 608 2090 improbavit,
656 2052 789 2076 rursus
830 2039 1014 2089 probavit
1056 2039 1100 2074 in
1139 2037 1264 2089 praef.
1304 2034 1403 2075 Vol.
1434 2032 1456 2074 I
1491 2051 1582 2089 pag.

126 2103 318 2156 LXXV,
349 2114 395 2144 ut
413 2107 649 2144 scriberetur
678 2114 720 2142 ut
739 2104 863 2158 Appf.
925 2103 1110 2157 Sarpius,
1141 2107 1250 2144 illius
1271 2119 1425 2155 censor,
1456 2105 1582 2146 Anal.

127 2188 167 2226 p.
191 2173 243 2214 49
274 2175 419 2212 maluit
446 2171 587 2226 Apici.
649 2171 728 2213 Cui
758 2174 940 2225 opinioni
970 2172 1068 2226 quid
1100 2175 1227 2212 obstet
1256 2175 1340 2225 ipse
1369 2171 1508 2225 Spald.
1540 2177 1585 2212 in

127 2242 251 2293 praef.
284 2242 312 2279 l.
343 2242 372 2280 l.
410 2242 659 2293 significavit.
722 2240 829 2280 Mihi
867 2240 1032 2294 quidem
1070 2242 1186 2279 ambo
1226 2242 1268 2277 in
1309 2254 1356 2278 eo
1395 2231 1584 2280 videntur

130 2323 297 2359 errasse,
330 2309 441 2362 quod
469 2322 553 2346 non
583 2308 793 2359 viderunt,
839 2311 920 2360 ejus
948 2311 1007 2346 rei
1037 2309 1221 2360 exempla
1249 2310 1382 2360 ipsum
1415 2305 1584 2358 Quinti—

129 2378 285 2415 Danum
315 2379 545 2416 existimare
571 2377 614 2413 in
646 2377 809 2415 Graecis
829 2379 960 2429 potius
983 2378 1214 2414 nominibus
1233 2376 1462 2429 quaerenda
1483 2391 1580 2428 esse,

132 2457 255 2496 quam
293 2447 339 2483 in
377 2443 558 2494 Latinis,
606 2446 706 2482 item
747 2445 857 2497 quod
896 2446 1015 2482 nimis
1055 2444 1310 2496 pertinaciter
1346 2446 1583 2496 scripturam

132 2511 315 2550 codicum
353 2523 420 2550 aut
456 2526 528 2564 pro
568 2521 610 2549 ut
643 2514 811 2550 aversati
849 2521 955 2550 sunt.
1014 2508 1156 2564 Itaque
1197 2512 1231 2548 si
1268 2513 1583 2550 restitum-isam

119 2579 242 2632 flexa
269 2594 343 2631 pro
372 2582 494 2631 gravi
521 2589 589 2617 aut
618 2582 733 2632 apice
761 2578 1036 2618 circumducta
1070 2579 1242 2631 sequenti
1269 2576 1362 2633 (vel
1389 2577 1581 2632 sequente)

132 2647 338 2700 utriusque
377 2649 435 2684 rei
479 2649 665 2699 exempla
711 2649 755 2685 in
799 2644 960 2688 Graecis
997 2648 1252 2696 nominibus,
1301 2659 1405 2699 quae
1447 2648 1581 2699 posuit
