<?xml version="1.0" encoding="UTF-8"?>
<!DOCTYPE html PUBLIC "-//W3C//DTD XHTML 1.0 Transitional//EN"
    "http://www.w3.org/TR/xhtml1/DTD/xhtml1-transitional.dtd">
<html xmlns="http://www.w3.org/1999/xhtml" xml:lang="en" lang="en">
 <head>
  <title>
</title>
<meta http-equiv="Content-Type" content="text/html;charset=utf-8" />
  <meta name='ocr-system' content='tesseract 3.04.00' />
  <meta name='ocr-capabilities' content='ocr_page ocr_carea ocr_par ocr_line ocrx_word'/>
</head>
<body>
  <div class='ocr_page' id='page_1' title='image "./deinstitutioneor05quinuoft_0030.png"; bbox 0 0 1695 2974; ppageno 0'>
   <div class='ocr_carea' id='block_1_1' title="bbox 158 140 1629 2572">
    <p class='ocr_par' dir='ltr' id='par_1_1' title="bbox 158 140 285 178">
     <span class='ocr_line' id='line_1_1' title="bbox 158 140 285 178; baseline -0.047 0"><span class='ocrx_word' id='word_1_1' title='bbox 158 140 285 178; x_wconf 60' lang='lat' dir='ltr'>xxx]</span> 
     </span>
    </p>

    <p class='ocr_par' dir='ltr' id='par_1_2' title="bbox 160 227 1629 2572">
     <span class='ocr_line' id='line_1_2' title="bbox 160 227 1601 288; baseline -0.005 -9"><span class='ocrx_word' id='word_1_2' title='bbox 160 238 312 280; x_wconf 83' lang='lat' dir='ltr'>editori</span> <span class='ocrx_word' id='word_1_3' title='bbox 341 246 567 288; x_wconf 83' lang='lat' dir='ltr'>excerpere</span> <span class='ocrx_word' id='word_1_4' title='bbox 596 230 742 282; x_wconf 88' lang='lat' dir='ltr'>libuit,</span> <span class='ocrx_word' id='word_1_5' title='bbox 775 231 849 272; x_wconf 90' lang='lat' dir='ltr'>sed</span> <span class='ocrx_word' id='word_1_6' title='bbox 879 227 1063 272; x_wconf 89' lang='lat' dir='ltr'>absoluti</span> <span class='ocrx_word' id='word_1_7' title='bbox 1092 233 1278 272; x_wconf 87' lang='lat' dir='ltr'>omnium</span> <span class='ocrx_word' id='word_1_8' title='bbox 1305 232 1531 274; x_wconf 84' lang='lat' dir='ltr'>verborum</span> <span class='ocrx_word' id='word_1_9' title='bbox 1559 241 1601 273; x_wconf 86' lang='lat' dir='ltr'>et</span> 
     </span>
     <span class='ocr_line' id='line_1_3' title="bbox 160 309 1603 366; baseline -0.005 -7"><span class='ocrx_word' id='word_1_10' title='bbox 160 317 421 359; x_wconf 85' lang='lat' dir='ltr'>locutionum</span> <span class='ocrx_word' id='word_1_11' title='bbox 451 320 616 353; x_wconf 80' lang='lat' dir='ltr'><strong>extant:</strong></span> <span class='ocrx_word' id='word_1_12' title='bbox 647 313 756 353; x_wconf 90' lang='lat' dir='ltr'>sicut</span> <span class='ocrx_word' id='word_1_13' title='bbox 784 309 922 351; x_wconf 85' lang='lat' dir='ltr'>adhuc</span> <span class='ocrx_word' id='word_1_14' title='bbox 953 311 998 350; x_wconf 91' lang='lat' dir='ltr'>in</span> <span class='ocrx_word' id='word_1_15' title='bbox 1028 311 1199 366; x_wconf 83' lang='lat' dir='ltr'>egregio</span> <span class='ocrx_word' id='word_1_16' title='bbox 1227 309 1367 352; x_wconf 81' lang='lat' dir='ltr'>lexico</span> <span class='ocrx_word' id='word_1_17' title='bbox 1396 309 1603 352; x_wconf 84' lang='lat' dir='ltr'>Forcelli-</span> 
     </span>
     <span class='ocr_line' id='line_1_4' title="bbox 161 387 1605 439; baseline -0.006 -1"><span class='ocrx_word' id='word_1_18' title='bbox 161 399 289 438; x_wconf 87' lang='lat' dir='ltr'>niano</span> <span class='ocrx_word' id='word_1_19' title='bbox 321 390 439 434; x_wconf 91' lang='lat' dir='ltr'>dolui</span> <span class='ocrx_word' id='word_1_20' title='bbox 466 387 719 438; x_wconf 81' lang='lat' dir='ltr'>Quintiliani</span> <span class='ocrx_word' id='word_1_21' title='bbox 757 398 799 430; x_wconf 91' lang='lat' dir='ltr'>et</span> <span class='ocrx_word' id='word_1_22' title='bbox 827 388 990 439; x_wconf 85' lang='lat' dir='ltr'>Taciti,</span> <span class='ocrx_word' id='word_1_23' title='bbox 1030 389 1136 430; x_wconf 89' lang='lat' dir='ltr'>adde</span> <span class='ocrx_word' id='word_1_24' title='bbox 1166 390 1294 430; x_wconf 89' lang='lat' dir='ltr'>etiam</span> <span class='ocrx_word' id='word_1_25' title='bbox 1324 387 1462 430; x_wconf 87' lang='lat' dir='ltr'>Curtii</span> <span class='ocrx_word' id='word_1_26' title='bbox 1488 403 1605 430; x_wconf 88' lang='lat' dir='ltr'>men-</span> 
     </span>
     <span class='ocr_line' id='line_1_5' title="bbox 162 467 1605 524; baseline -0.005 -9"><span class='ocrx_word' id='word_1_27' title='bbox 162 477 321 515; x_wconf 79' lang='lat' dir='ltr'>tionem</span> <span class='ocrx_word' id='word_1_28' title='bbox 345 482 538 513; x_wconf 86' lang='lat' dir='ltr'>mancam</span> <span class='ocrx_word' id='word_1_29' title='bbox 563 482 656 509; x_wconf 90' lang='lat' dir='ltr'>esse</span> <span class='ocrx_word' id='word_1_30' title='bbox 679 477 721 510; x_wconf 89' lang='lat' dir='ltr'>et</span> <span class='ocrx_word' id='word_1_31' title='bbox 741 467 1050 523; x_wconf 79' lang='lat' dir='ltr'>imperfectam,</span> <span class='ocrx_word' id='word_1_32' title='bbox 1083 470 1341 524; x_wconf 90' lang='lat' dir='ltr'>omninoque</span> <span class='ocrx_word' id='word_1_33' title='bbox 1365 476 1605 523; x_wconf 83' lang='lat' dir='ltr'>argenteae,</span> 
     </span>
     <span class='ocr_line' id='line_1_6' title="bbox 165 544 1606 608; baseline -0.006 -14"><span class='ocrx_word' id='word_1_34' title='bbox 165 566 272 608; x_wconf 88' lang='lat' dir='ltr'>quae</span> <span class='ocrx_word' id='word_1_35' title='bbox 313 551 488 598; x_wconf 90' lang='lat' dir='ltr'>dicitur,</span> <span class='ocrx_word' id='word_1_36' title='bbox 534 548 684 588; x_wconf 87' lang='lat' dir='ltr'>aetatis</span> <span class='ocrx_word' id='word_1_37' title='bbox 722 560 960 588; x_wconf 87' lang='lat' dir='ltr'>sermonem</span> <span class='ocrx_word' id='word_1_38' title='bbox 998 560 1147 602; x_wconf 86' lang='lat' dir='ltr'>parum</span> <span class='ocrx_word' id='word_1_39' title='bbox 1184 555 1298 588; x_wconf 90' lang='lat' dir='ltr'>recte</span> <span class='ocrx_word' id='word_1_40' title='bbox 1337 544 1606 601; x_wconf 85' lang='lat' dir='ltr'>explicatum.</span> 
     </span>
     <span class='ocr_line' id='line_1_7' title="bbox 164 623 1609 682; baseline -0.004 -11"><span class='ocrx_word' id='word_1_41' title='bbox 164 630 222 671; x_wconf 87' lang='lat' dir='ltr'>Et</span> <span class='ocrx_word' id='word_1_42' title='bbox 252 630 303 670; x_wconf 93' lang='lat' dir='ltr'>de</span> <span class='ocrx_word' id='word_1_43' title='bbox 329 625 477 668; x_wconf 87' lang='lat' dir='ltr'>Curtio</span> <span class='ocrx_word' id='word_1_44' title='bbox 510 627 678 682; x_wconf 89' lang='lat' dir='ltr'>quidem</span> <span class='ocrx_word' id='word_1_45' title='bbox 707 639 792 666; x_wconf 89' lang='lat' dir='ltr'>non</span> <span class='ocrx_word' id='word_1_46' title='bbox 818 625 963 677; x_wconf 87' lang='lat' dir='ltr'>miror,</span> <span class='ocrx_word' id='word_1_47' title='bbox 996 639 1120 681; x_wconf 86' lang='lat' dir='ltr'>quem</span> <span class='ocrx_word' id='word_1_48' title='bbox 1145 624 1282 666; x_wconf 91' lang='lat' dir='ltr'>adhuc</span> <span class='ocrx_word' id='word_1_49' title='bbox 1309 623 1500 680; x_wconf 89' lang='lat' dir='ltr'>plerique</span> <span class='ocrx_word' id='word_1_50' title='bbox 1526 636 1609 680; x_wconf 87' lang='lat' dir='ltr'>quo</span> 
     </span>
     <span class='ocr_line' id='line_1_8' title="bbox 164 703 1611 758; baseline -0.004 -9"><span class='ocrx_word' id='word_1_51' title='bbox 164 707 260 749; x_wconf 91' lang='lat' dir='ltr'>loco</span> <span class='ocrx_word' id='word_1_52' title='bbox 290 705 496 747; x_wconf 85' lang='lat' dir='ltr'>haberent</span> <span class='ocrx_word' id='word_1_53' title='bbox 526 705 794 754; x_wconf 86' lang='lat' dir='ltr'>dubitarunt,</span> <span class='ocrx_word' id='word_1_54' title='bbox 838 711 880 744; x_wconf 89' lang='lat' dir='ltr'>et</span> <span class='ocrx_word' id='word_1_55' title='bbox 921 705 1041 758; x_wconf 87' lang='lat' dir='ltr'>cujus</span> <span class='ocrx_word' id='word_1_56' title='bbox 1073 712 1238 744; x_wconf 86' lang='lat' dir='ltr'>textum</span> <span class='ocrx_word' id='word_1_57' title='bbox 1267 703 1455 744; x_wconf 90' lang='lat' dir='ltr'>nondum</span> <span class='ocrx_word' id='word_1_58' title='bbox 1485 704 1611 744; x_wconf 83' lang='lat' dir='ltr'>certis</span> 
     </span>
     <span class='ocr_line' id='line_1_9' title="bbox 167 779 1611 838; baseline -0.003 -11"><span class='ocrx_word' id='word_1_59' title='bbox 167 795 208 828; x_wconf 78' lang='lat' dir='ltr'>et</span> <span class='ocrx_word' id='word_1_60' title='bbox 236 783 354 826; x_wconf 74' lang='lat' dir='ltr'>velut</span> <span class='ocrx_word' id='word_1_61' title='bbox 391 786 482 826; x_wconf 90' lang='lat' dir='ltr'>suis</span> <span class='ocrx_word' id='word_1_62' title='bbox 521 784 714 838; x_wconf 69' lang='lat' dir='ltr'>vestigiis</span> <span class='ocrx_word' id='word_1_63' title='bbox 745 783 1001 833; x_wconf 86' lang='lat' dir='ltr'>consistere,</span> <span class='ocrx_word' id='word_1_64' title='bbox 1047 783 1235 838; x_wconf 82' lang='lat' dir='ltr'>quamvis</span> <span class='ocrx_word' id='word_1_65' title='bbox 1273 781 1398 823; x_wconf 88' lang='lat' dir='ltr'>fateri</span> <span class='ocrx_word' id='word_1_66' title='bbox 1435 779 1611 836; x_wconf 85' lang='lat' dir='ltr'>nollent,</span> 
     </span>
     <span class='ocr_line' id='line_1_10' title="bbox 165 858 1614 920; baseline -0.006 -13"><span class='ocrx_word' id='word_1_67' title='bbox 165 864 369 920; x_wconf 87' lang='lat' dir='ltr'>suspicati</span> <span class='ocrx_word' id='word_1_68' title='bbox 395 872 537 904; x_wconf 89' lang='lat' dir='ltr'>tamen</span> <span class='ocrx_word' id='word_1_69' title='bbox 567 868 685 901; x_wconf 87' lang='lat' dir='ltr'>sunt:</span> <span class='ocrx_word' id='word_1_70' title='bbox 717 860 792 901; x_wconf 89' lang='lat' dir='ltr'>sed</span> <span class='ocrx_word' id='word_1_71' title='bbox 814 859 1076 909; x_wconf 75' lang='lat' dir='ltr'>Quintiliano</span> <span class='ocrx_word' id='word_1_72' title='bbox 1103 870 1144 901; x_wconf 90' lang='lat' dir='ltr'>et</span> <span class='ocrx_word' id='word_1_73' title='bbox 1164 859 1313 901; x_wconf 88' lang='lat' dir='ltr'>Tacito</span> <span class='ocrx_word' id='word_1_74' title='bbox 1344 858 1458 901; x_wconf 84' lang='lat' dir='ltr'>haud</span> <span class='ocrx_word' id='word_1_75' title='bbox 1487 858 1614 901; x_wconf 77' lang='lat' dir='ltr'>dubie</span> 
     </span>
     <span class='ocr_line' id='line_1_11' title="bbox 166 937 1615 995; baseline -0.005 -9"><span class='ocrx_word' id='word_1_76' title='bbox 166 943 259 986; x_wconf 81' lang='lat' dir='ltr'>sola</span> <span class='ocrx_word' id='word_1_77' title='bbox 294 943 483 983; x_wconf 86' lang='lat' dir='ltr'>indicum</span> <span class='ocrx_word' id='word_1_78' title='bbox 525 937 695 979; x_wconf 82' lang='lat' dir='ltr'>exilitas</span> <span class='ocrx_word' id='word_1_79' title='bbox 735 940 889 979; x_wconf 85' lang='lat' dir='ltr'>nocuit.</span> <span class='ocrx_word' id='word_1_80' title='bbox 968 937 1082 987; x_wconf 83' lang='lat' dir='ltr'>Quid</span> <span class='ocrx_word' id='word_1_81' title='bbox 1111 952 1212 980; x_wconf 72' lang='lat' dir='ltr'>vero</span> <span class='ocrx_word' id='word_1_82' title='bbox 1243 939 1353 995; x_wconf 90' lang='lat' dir='ltr'>quod</span> <span class='ocrx_word' id='word_1_83' title='bbox 1383 952 1437 979; x_wconf 89' lang='lat' dir='ltr'>ne</span> <span class='ocrx_word' id='word_1_84' title='bbox 1467 937 1615 980; x_wconf 91' lang='lat' dir='ltr'>dolen-</span> 
     </span>
     <span class='ocr_line' id='line_1_12' title="bbox 167 1015 1615 1077; baseline -0.005 -12"><span class='ocrx_word' id='word_1_85' title='bbox 167 1024 266 1064; x_wconf 89' lang='lat' dir='ltr'>dum</span> <span class='ocrx_word' id='word_1_86' title='bbox 298 1021 467 1077; x_wconf 89' lang='lat' dir='ltr'>quidem</span> <span class='ocrx_word' id='word_1_87' title='bbox 496 1017 688 1068; x_wconf 73' lang='lat' dir='ltr'>videtur,</span> <span class='ocrx_word' id='word_1_88' title='bbox 731 1015 869 1057; x_wconf 88' lang='lat' dir='ltr'>adhuc</span> <span class='ocrx_word' id='word_1_89' title='bbox 897 1018 1111 1059; x_wconf 91' lang='lat' dir='ltr'>neminem</span> <span class='ocrx_word' id='word_1_90' title='bbox 1138 1019 1184 1060; x_wconf 93' lang='lat' dir='ltr'>in</span> <span class='ocrx_word' id='word_1_91' title='bbox 1216 1017 1357 1061; x_wconf 83' lang='lat' dir='ltr'>lexico</span> <span class='ocrx_word' id='word_1_92' title='bbox 1391 1015 1615 1066; x_wconf 75' lang='lat' dir='ltr'>Quintilia-</span> 
     </span>
     <span class='ocr_line' id='line_1_13' title="bbox 168 1093 1619 1152; baseline -0.005 -9"><span class='ocrx_word' id='word_1_93' title='bbox 168 1116 250 1143; x_wconf 89' lang='lat' dir='ltr'>neo</span> <span class='ocrx_word' id='word_1_94' title='bbox 293 1098 555 1141; x_wconf 86' lang='lat' dir='ltr'>conficiendo</span> <span class='ocrx_word' id='word_1_95' title='bbox 599 1094 866 1146; x_wconf 83' lang='lat' dir='ltr'>elaborasse,</span> <span class='ocrx_word' id='word_1_96' title='bbox 916 1098 1115 1152; x_wconf 85' lang='lat' dir='ltr'>quoniam</span> <span class='ocrx_word' id='word_1_97' title='bbox 1153 1110 1264 1138; x_wconf 90' lang='lat' dir='ltr'>nunc</span> <span class='ocrx_word' id='word_1_98' title='bbox 1308 1093 1434 1138; x_wconf 86' lang='lat' dir='ltr'>facile</span> <span class='ocrx_word' id='word_1_99' title='bbox 1485 1095 1619 1136; x_wconf 84' lang='lat' dir='ltr'>cuivis</span> 
     </span>
     <span class='ocr_line' id='line_1_14' title="bbox 170 1173 1622 1235; baseline -0.006 -14"><span class='ocrx_word' id='word_1_100' title='bbox 170 1177 351 1235; x_wconf 90' lang='lat' dir='ltr'>patebit,</span> <span class='ocrx_word' id='word_1_101' title='bbox 399 1191 524 1232; x_wconf 89' lang='lat' dir='ltr'>quem</span> <span class='ocrx_word' id='word_1_102' title='bbox 552 1174 618 1216; x_wconf 87' lang='lat' dir='ltr'>illi</span> <span class='ocrx_word' id='word_1_103' title='bbox 648 1173 771 1216; x_wconf 86' lang='lat' dir='ltr'>nobis</span> <span class='ocrx_word' id='word_1_104' title='bbox 804 1173 1056 1223; x_wconf 77' lang='lat' dir='ltr'>Quintiliani</span> <span class='ocrx_word' id='word_1_105' title='bbox 1087 1188 1326 1216; x_wconf 89' lang='lat' dir='ltr'>sermonem</span> <span class='ocrx_word' id='word_1_106' title='bbox 1355 1173 1622 1214; x_wconf 86' lang='lat' dir='ltr'>commenda-</span> 
     </span>
     <span class='ocr_line' id='line_1_15' title="bbox 169 1254 1621 1308; baseline -0.006 -8"><span class='ocrx_word' id='word_1_107' title='bbox 169 1259 254 1300; x_wconf 82' lang='lat' dir='ltr'>turi</span> <span class='ocrx_word' id='word_1_108' title='bbox 302 1257 503 1305; x_wconf 82' lang='lat' dir='ltr'>fuissent,</span> <span class='ocrx_word' id='word_1_109' title='bbox 556 1268 653 1295; x_wconf 90' lang='lat' dir='ltr'>eum</span> <span class='ocrx_word' id='word_1_110' title='bbox 692 1268 717 1293; x_wconf 86' lang='lat' dir='ltr'>a</span> <span class='ocrx_word' id='word_1_111' title='bbox 755 1267 856 1295; x_wconf 71' lang='lat' dir='ltr'>vero</span> <span class='ocrx_word' id='word_1_112' title='bbox 897 1262 938 1294; x_wconf 88' lang='lat' dir='ltr'>et</span> <span class='ocrx_word' id='word_1_113' title='bbox 979 1263 1176 1308; x_wconf 87' lang='lat' dir='ltr'>accurato</span> <span class='ocrx_word' id='word_1_114' title='bbox 1225 1254 1381 1295; x_wconf 87' lang='lat' dir='ltr'>mirum</span> <span class='ocrx_word' id='word_1_115' title='bbox 1420 1259 1621 1308; x_wconf 85' lang='lat' dir='ltr'>quantum</span> 
     </span>
     <span class='ocr_line' id='line_1_16' title="bbox 171 1330 1622 1388; baseline -0.004 -10"><span class='ocrx_word' id='word_1_116' title='bbox 171 1336 429 1386; x_wconf 86' lang='lat' dir='ltr'>abhorrere,</span> <span class='ocrx_word' id='word_1_117' title='bbox 470 1343 512 1375; x_wconf 90' lang='lat' dir='ltr'>et</span> <span class='ocrx_word' id='word_1_118' title='bbox 550 1333 792 1388; x_wconf 87' lang='lat' dir='ltr'>corrigendi</span> <span class='ocrx_word' id='word_1_119' title='bbox 819 1331 1009 1373; x_wconf 84' lang='lat' dir='ltr'>laborem</span> <span class='ocrx_word' id='word_1_120' title='bbox 1039 1334 1167 1373; x_wconf 88' lang='lat' dir='ltr'>etiam</span> <span class='ocrx_word' id='word_1_121' title='bbox 1194 1330 1482 1373; x_wconf 88' lang='lat' dir='ltr'>molestiorem</span> <span class='ocrx_word' id='word_1_122' title='bbox 1509 1330 1622 1372; x_wconf 83' lang='lat' dir='ltr'>futu-</span> 
     </span>
     <span class='ocr_line' id='line_1_17' title="bbox 170 1407 1624 1469; baseline -0.005 -13"><span class='ocrx_word' id='word_1_123' title='bbox 170 1430 265 1457; x_wconf 87' lang='lat' dir='ltr'>rum</span> <span class='ocrx_word' id='word_1_124' title='bbox 302 1414 433 1455; x_wconf 86' lang='lat' dir='ltr'>fuisse</span> <span class='ocrx_word' id='word_1_125' title='bbox 475 1428 600 1469; x_wconf 85' lang='lat' dir='ltr'>quam</span> <span class='ocrx_word' id='word_1_126' title='bbox 642 1413 693 1452; x_wconf 93' lang='lat' dir='ltr'>de</span> <span class='ocrx_word' id='word_1_127' title='bbox 745 1413 911 1467; x_wconf 90' lang='lat' dir='ltr'>integro</span> <span class='ocrx_word' id='word_1_128' title='bbox 957 1410 1168 1452; x_wconf 62' lang='lat' dir='ltr'>faciendi}</span> <span class='ocrx_word' id='word_1_129' title='bbox 1256 1408 1368 1452; x_wconf 80' lang='lat' dir='ltr'>Nam</span> <span class='ocrx_word' id='word_1_130' title='bbox 1406 1422 1503 1450; x_wconf 87' lang='lat' dir='ltr'>cum</span> <span class='ocrx_word' id='word_1_131' title='bbox 1540 1407 1624 1450; x_wconf 89' lang='lat' dir='ltr'>hoc</span> 
     </span>
     <span class='ocr_line' id='line_1_18' title="bbox 172 1489 1624 1548; baseline -0.003 -14"><span class='ocrx_word' id='word_1_132' title='bbox 172 1495 353 1548; x_wconf 87' lang='lat' dir='ltr'>primum</span> <span class='ocrx_word' id='word_1_133' title='bbox 395 1491 635 1548; x_wconf 86' lang='lat' dir='ltr'>Spaldingii</span> <span class='ocrx_word' id='word_1_134' title='bbox 675 1505 776 1531; x_wconf 87' lang='lat' dir='ltr'>cura</span> <span class='ocrx_word' id='word_1_135' title='bbox 818 1498 860 1530; x_wconf 89' lang='lat' dir='ltr'>et</span> <span class='ocrx_word' id='word_1_136' title='bbox 898 1489 1119 1545; x_wconf 83' lang='lat' dir='ltr'>diligentia</span> <span class='ocrx_word' id='word_1_137' title='bbox 1157 1490 1356 1531; x_wconf 88' lang='lat' dir='ltr'>effectum</span> <span class='ocrx_word' id='word_1_138' title='bbox 1394 1496 1530 1539; x_wconf 87' lang='lat' dir='ltr'>esset,</span> <span class='ocrx_word' id='word_1_139' title='bbox 1568 1497 1624 1540; x_wconf 55' lang='lat' dir='ltr'>,ut</span> 
     </span>
     <span class='ocr_line' id='line_1_19' title="bbox 174 1566 1627 1619; baseline -0.003 -7"><span class='ocrx_word' id='word_1_140' title='bbox 174 1580 317 1613; x_wconf 79' lang='lat' dir='ltr'>textus</span> <span class='ocrx_word' id='word_1_141' title='bbox 350 1569 666 1619; x_wconf 88' lang='lat' dir='ltr'>Quintilianeus</span> <span class='ocrx_word' id='word_1_142' title='bbox 709 1569 761 1610; x_wconf 91' lang='lat' dir='ltr'>ab</span> <span class='ocrx_word' id='word_1_143' title='bbox 800 1570 1007 1610; x_wconf 90' lang='lat' dir='ltr'>editorum</span> <span class='ocrx_word' id='word_1_144' title='bbox 1036 1577 1226 1609; x_wconf 75' lang='lat' dir='ltr'>veterum</span> <span class='ocrx_word' id='word_1_145' title='bbox 1252 1566 1424 1615; x_wconf 77' lang='lat' dir='ltr'>levitate</span> <span class='ocrx_word' id='word_1_146' title='bbox 1453 1575 1496 1608; x_wconf 85' lang='lat' dir='ltr'>et</span> <span class='ocrx_word' id='word_1_147' title='bbox 1536 1581 1627 1609; x_wconf 86' lang='lat' dir='ltr'>mu—</span> 
     </span>
     <span class='ocr_line' id='line_1_20' title="bbox 174 1644 1626 1703; baseline -0.004 -11"><span class='ocrx_word' id='word_1_148' title='bbox 174 1651 292 1692; x_wconf 87' lang='lat' dir='ltr'>tandi</span> <span class='ocrx_word' id='word_1_149' title='bbox 320 1649 513 1700; x_wconf 89' lang='lat' dir='ltr'>licentia,</span> <span class='ocrx_word' id='word_1_150' title='bbox 564 1650 848 1690; x_wconf 86' lang='lat' dir='ltr'>recentiorum</span> <span class='ocrx_word' id='word_1_151' title='bbox 877 1658 949 1689; x_wconf 87' lang='lat' dir='ltr'>aut</span> <span class='ocrx_word' id='word_1_152' title='bbox 987 1646 1247 1703; x_wconf 83' lang='lat' dir='ltr'>negligentia</span> <span class='ocrx_word' id='word_1_153' title='bbox 1283 1655 1355 1687; x_wconf 89' lang='lat' dir='ltr'>aut</span> <span class='ocrx_word' id='word_1_154' title='bbox 1391 1644 1501 1688; x_wconf 81' lang='lat' dir='ltr'>falsa</span> <span class='ocrx_word' id='word_1_155' title='bbox 1525 1644 1626 1687; x_wconf 80' lang='lat' dir='ltr'>reli-</span> 
     </span>
     <span class='ocr_line' id='line_1_21' title="bbox 180 1725 1626 1786; baseline -0.003 -16"><span class='ocrx_word' id='word_1_156' title='bbox 180 1731 308 1786; x_wconf 85' lang='lat' dir='ltr'>gione</span> <span class='ocrx_word' id='word_1_157' title='bbox 346 1731 393 1770; x_wconf 86' lang='lat' dir='ltr'>in</span> <span class='ocrx_word' id='word_1_158' title='bbox 431 1727 587 1769; x_wconf 89' lang='lat' dir='ltr'>tuenda</span> <span class='ocrx_word' id='word_1_159' title='bbox 627 1729 711 1768; x_wconf 89' lang='lat' dir='ltr'>ista</span> <span class='ocrx_word' id='word_1_160' title='bbox 751 1728 871 1782; x_wconf 86' lang='lat' dir='ltr'>quasi</span> <span class='ocrx_word' id='word_1_161' title='bbox 908 1727 1000 1780; x_wconf 82' lang='lat' dir='ltr'>jam</span> <span class='ocrx_word' id='word_1_162' title='bbox 1043 1735 1208 1767; x_wconf 87' lang='lat' dir='ltr'>sacrata</span> <span class='ocrx_word' id='word_1_163' title='bbox 1253 1726 1523 1780; x_wconf 84' lang='lat' dir='ltr'>antiquitate,</span> <span class='ocrx_word' id='word_1_164' title='bbox 1572 1725 1626 1766; x_wconf 88' lang='lat' dir='ltr'>ad</span> 
     </span>
     <span class='ocr_line' id='line_1_22' title="bbox 176 1803 1626 1860; baseline -0.003 -11"><span class='ocrx_word' id='word_1_165' title='bbox 176 1806 311 1849; x_wconf 90' lang='lat' dir='ltr'>solam</span> <span class='ocrx_word' id='word_1_166' title='bbox 338 1808 531 1848; x_wconf 90' lang='lat' dir='ltr'>codicum</span> <span class='ocrx_word' id='word_1_167' title='bbox 559 1820 660 1846; x_wconf 86' lang='lat' dir='ltr'>mss.</span> <span class='ocrx_word' id='word_1_168' title='bbox 689 1814 902 1860; x_wconf 87' lang='lat' dir='ltr'>tamquam</span> <span class='ocrx_word' id='word_1_169' title='bbox 931 1803 1253 1860; x_wconf 88' lang='lat' dir='ltr'>locupletiorum</span> <span class='ocrx_word' id='word_1_170' title='bbox 1282 1806 1452 1845; x_wconf 91' lang='lat' dir='ltr'>testium</span> <span class='ocrx_word' id='word_1_171' title='bbox 1481 1812 1626 1845; x_wconf 88' lang='lat' dir='ltr'>aucto-</span> 
     </span>
     <span class='ocr_line' id='line_1_23' title="bbox 174 1885 1624 1939; baseline -0.004 -12"><span class='ocrx_word' id='word_1_172' title='bbox 174 1887 344 1928; x_wconf 83' lang='lat' dir='ltr'>ritatem</span> <span class='ocrx_word' id='word_1_173' title='bbox 372 1886 565 1926; x_wconf 89' lang='lat' dir='ltr'>revocari</span> <span class='ocrx_word' id='word_1_174' title='bbox 597 1885 826 1939; x_wconf 79' lang='lat' dir='ltr'>coepisset3</span> <span class='ocrx_word' id='word_1_175' title='bbox 860 1898 940 1939; x_wconf 88' lang='lat' dir='ltr'>qua</span> <span class='ocrx_word' id='word_1_176' title='bbox 969 1898 1015 1925; x_wconf 87' lang='lat' dir='ltr'>re</span> <span class='ocrx_word' id='word_1_177' title='bbox 1046 1885 1237 1930; x_wconf 84' lang='lat' dir='ltr'>inumeri·</span> <span class='ocrx_word' id='word_1_178' title='bbox 1259 1896 1449 1932; x_wconf 88' lang='lat' dir='ltr'>errores,</span> <span class='ocrx_word' id='word_1_179' title='bbox 1481 1895 1624 1937; x_wconf 85' lang='lat' dir='ltr'>quam-</span> 
     </span>
     <span class='ocr_line' id='line_1_24' title="bbox 178 1959 1624 2021; baseline -0.003 -15"><span class='ocrx_word' id='word_1_180' title='bbox 178 1979 305 2021; x_wconf 88' lang='lat' dir='ltr'>quam</span> <span class='ocrx_word' id='word_1_181' title='bbox 349 1964 556 2013; x_wconf 75' lang='lat' dir='ltr'>leviores,</span> <span class='ocrx_word' id='word_1_182' title='bbox 612 1963 687 2004; x_wconf 91' lang='lat' dir='ltr'>sed</span> <span class='ocrx_word' id='word_1_183' title='bbox 726 1967 890 2004; x_wconf 88' lang='lat' dir='ltr'>errores</span> <span class='ocrx_word' id='word_1_184' title='bbox 933 1971 1099 2013; x_wconf 89' lang='lat' dir='ltr'>tamen,</span> <span class='ocrx_word' id='word_1_185' title='bbox 1150 1959 1307 2003; x_wconf 81' lang='lat' dir='ltr'>sublati</span> <span class='ocrx_word' id='word_1_186' title='bbox 1344 1970 1463 2003; x_wconf 87' lang='lat' dir='ltr'>sunt:</span> <span class='ocrx_word' id='word_1_187' title='bbox 1511 1974 1624 2002; x_wconf 85' lang='lat' dir='ltr'>nunc</span> 
     </span>
     <span class='ocr_line' id='line_1_25' title="bbox 178 2039 1625 2097; baseline -0.003 -11"><span class='ocrx_word' id='word_1_188' title='bbox 178 2045 348 2086; x_wconf 89' lang='lat' dir='ltr'>demum</span> <span class='ocrx_word' id='word_1_189' title='bbox 384 2044 568 2084; x_wconf 79' lang='lat' dir='ltr'>inventis</span> <span class='ocrx_word' id='word_1_190' title='bbox 609 2050 650 2082; x_wconf 91' lang='lat' dir='ltr'>et</span> <span class='ocrx_word' id='word_1_191' title='bbox 687 2040 860 2097; x_wconf 84' lang='lat' dir='ltr'>prolatis</span> <span class='ocrx_word' id='word_1_192' title='bbox 909 2041 1281 2096; x_wconf 85' lang='lat' dir='ltr'>praestantissimis</span> <span class='ocrx_word' id='word_1_193' title='bbox 1318 2039 1625 2082; x_wconf 81' lang='lat' dir='ltr'>emendationis</span> 
     </span>
     <span class='ocr_line' id='line_1_26' title="bbox 179 2117 1629 2175; baseline -0.003 -12"><span class='ocrx_word' id='word_1_194' title='bbox 179 2121 369 2164; x_wconf 78' lang='lat' dir='ltr'>fontibus</span> <span class='ocrx_word' id='word_1_195' title='bbox 399 2130 539 2162; x_wconf 77' lang='lat' dir='ltr'>textus</span> <span class='ocrx_word' id='word_1_196' title='bbox 569 2120 798 2162; x_wconf 70' lang='lat' dir='ltr'>verborum</span> <span class='ocrx_word' id='word_1_197' title='bbox 827 2135 921 2161; x_wconf 89' lang='lat' dir='ltr'>eam</span> <span class='ocrx_word' id='word_1_198' title='bbox 951 2128 1230 2175; x_wconf 84' lang='lat' dir='ltr'>consequetur</span> <span class='ocrx_word' id='word_1_199' title='bbox 1266 2117 1531 2169; x_wconf 87' lang='lat' dir='ltr'>firmitatem,</span> <span class='ocrx_word' id='word_1_200' title='bbox 1563 2126 1629 2159; x_wconf 87' lang='lat' dir='ltr'>-ut</span> 
     </span>
     <span class='ocr_line' id='line_1_27' title="bbox 180 2195 1627 2257; baseline -0.004 -14"><span class='ocrx_word' id='word_1_201' title='bbox 180 2210 271 2244; x_wconf 88' lang='lat' dir='ltr'>tuto</span> <span class='ocrx_word' id='word_1_202' title='bbox 306 2202 439 2257; x_wconf 90' lang='lat' dir='ltr'>possit</span> <span class='ocrx_word' id='word_1_203' title='bbox 473 2202 518 2240; x_wconf 88' lang='lat' dir='ltr'>iu</span> <span class='ocrx_word' id='word_1_204' title='bbox 555 2198 702 2255; x_wconf 89' lang='lat' dir='ltr'>plenos</span> <span class='ocrx_word' id='word_1_205' title='bbox 741 2200 903 2240; x_wconf 90' lang='lat' dir='ltr'>indices</span> <span class='ocrx_word' id='word_1_206' title='bbox 934 2207 976 2239; x_wconf 89' lang='lat' dir='ltr'>et</span> <span class='ocrx_word' id='word_1_207' title='bbox 1004 2212 1106 2240; x_wconf 87' lang='lat' dir='ltr'>mox</span> <span class='ocrx_word' id='word_1_208' title='bbox 1133 2199 1180 2238; x_wconf 91' lang='lat' dir='ltr'>in</span> <span class='ocrx_word' id='word_1_209' title='bbox 1207 2195 1444 2239; x_wconf 83' lang='lat' dir='ltr'>lexicorum</span> <span class='ocrx_word' id='word_1_210' title='bbox 1471 2196 1627 2239; x_wconf 85' lang='lat' dir='ltr'>horrea</span> 
     </span>
     <span class='ocr_line' id='line_1_28' title="bbox 180 2274 1625 2334; baseline -0.005 -12"><span class='ocrx_word' id='word_1_211' title='bbox 180 2280 412 2322; x_wconf 84' lang='lat' dir='ltr'>transferri.</span> <span class='ocrx_word' id='word_1_212' title='bbox 472 2277 750 2334; x_wconf 81' lang='lat' dir='ltr'>Quamquam,</span> <span class='ocrx_word' id='word_1_213' title='bbox 780 2288 826 2320; x_wconf 88' lang='lat' dir='ltr'>ut</span> <span class='ocrx_word' id='word_1_214' title='bbox 856 2282 967 2319; x_wconf 79' lang='lat' dir='ltr'>nunc</span> <span class='ocrx_word' id='word_1_215' title='bbox 996 2292 1065 2320; x_wconf 87' lang='lat' dir='ltr'>res</span> <span class='ocrx_word' id='word_1_216' title='bbox 1099 2285 1177 2327; x_wconf 86' lang='lat' dir='ltr'>est,</span> <span class='ocrx_word' id='word_1_217' title='bbox 1208 2274 1330 2317; x_wconf 85' lang='lat' dir='ltr'>facile</span> <span class='ocrx_word' id='word_1_218' title='bbox 1360 2275 1625 2330; x_wconf 83' lang='lat' dir='ltr'>intelligitur,</span> 
     </span>
     <span class='ocr_line' id='line_1_29' title="bbox 181 2353 1627 2410; baseline -0.003 -10"><span class='ocrx_word' id='word_1_219' title='bbox 181 2360 235 2400; x_wconf 83' lang='lat' dir='ltr'>ad</span> <span class='ocrx_word' id='word_1_220' title='bbox 265 2367 430 2400; x_wconf 89' lang='lat' dir='ltr'>nostros</span> <span class='ocrx_word' id='word_1_221' title='bbox 468 2359 630 2399; x_wconf 87' lang='lat' dir='ltr'>indices</span> <span class='ocrx_word' id='word_1_222' title='bbox 659 2358 871 2399; x_wconf 87' lang='lat' dir='ltr'>Fabianos</span> <span class='ocrx_word' id='word_1_223' title='bbox 911 2371 996 2398; x_wconf 89' lang='lat' dir='ltr'>non</span> <span class='ocrx_word' id='word_1_224' title='bbox 1035 2354 1172 2398; x_wconf 91' lang='lat' dir='ltr'>solum</span> <span class='ocrx_word' id='word_1_225' title='bbox 1202 2353 1416 2396; x_wconf 89' lang='lat' dir='ltr'>laborioso</span> <span class='ocrx_word' id='word_1_226' title='bbox 1445 2354 1627 2410; x_wconf 90' lang='lat' dir='ltr'>quodam</span> 
     </span>
     <span class='ocr_line' id='line_1_30' title="bbox 184 2435 1627 2492; baseline -0.003 -14"><span class='ocrx_word' id='word_1_227' title='bbox 184 2446 226 2478; x_wconf 88' lang='lat' dir='ltr'>et</span> <span class='ocrx_word' id='word_1_228' title='bbox 254 2438 459 2479; x_wconf 91' lang='lat' dir='ltr'>industrio</span> <span class='ocrx_word' id='word_1_229' title='bbox 489 2437 661 2479; x_wconf 89' lang='lat' dir='ltr'>homine</span> <span class='ocrx_word' id='word_1_230' title='bbox 692 2452 795 2492; x_wconf 91' lang='lat' dir='ltr'>opus</span> <span class='ocrx_word' id='word_1_231' title='bbox 826 2451 943 2487; x_wconf 87' lang='lat' dir='ltr'>esse,</span> <span class='ocrx_word' id='word_1_232' title='bbox 980 2435 1055 2476; x_wconf 88' lang='lat' dir='ltr'>sed</span> <span class='ocrx_word' id='word_1_233' title='bbox 1084 2436 1210 2475; x_wconf 90' lang='lat' dir='ltr'>etiam</span> <span class='ocrx_word' id='word_1_234' title='bbox 1236 2435 1358 2476; x_wconf 89' lang='lat' dir='ltr'>docto</span> <span class='ocrx_word' id='word_1_235' title='bbox 1385 2442 1427 2475; x_wconf 90' lang='lat' dir='ltr'>et</span> <span class='ocrx_word' id='word_1_236' title='bbox 1452 2435 1516 2475; x_wconf 89' lang='lat' dir='ltr'>rei</span> <span class='ocrx_word' id='word_1_237' title='bbox 1546 2435 1627 2474; x_wconf 83' lang='lat' dir='ltr'>cri-</span> 
     </span>
     <span class='ocr_line' id='line_1_31' title="bbox 182 2512 1625 2572; baseline -0.003 -16"><span class='ocrx_word' id='word_1_238' title='bbox 182 2517 290 2558; x_wconf 85' lang='lat' dir='ltr'>ticae</span> <span class='ocrx_word' id='word_1_239' title='bbox 320 2517 468 2570; x_wconf 86' lang='lat' dir='ltr'>perito,</span> <span class='ocrx_word' id='word_1_240' title='bbox 501 2519 571 2572; x_wconf 90' lang='lat' dir='ltr'>qui</span> <span class='ocrx_word' id='word_1_241' title='bbox 600 2531 656 2558; x_wconf 86' lang='lat' dir='ltr'>ex</span> <span class='ocrx_word' id='word_1_242' title='bbox 683 2518 845 2571; x_wconf 87' lang='lat' dir='ltr'>ingenti</span> <span class='ocrx_word' id='word_1_243' title='bbox 872 2515 1124 2556; x_wconf 83' lang='lat' dir='ltr'>variantium</span> <span class='ocrx_word' id='word_1_244' title='bbox 1155 2512 1384 2555; x_wconf 88' lang='lat' dir='ltr'>lectionum</span> <span class='ocrx_word' id='word_1_245' title='bbox 1412 2512 1625 2567; x_wconf 83' lang='lat' dir='ltr'>farragine</span> 
     </span>
    </p>
   </div>
   <div class='ocr_carea' id='block_1_2' title="bbox 182 2590 1625 2654">
    <p class='ocr_par' dir='ltr' id='par_1_3' title="bbox 182 2590 1625 2654">
     <span class='ocr_line' id='line_1_32' title="bbox 182 2590 1625 2654; baseline -0.004 -16"><span class='ocrx_word' id='word_1_246' title='bbox 182 2596 412 2639; x_wconf 78' lang='lat' dir='ltr'>secundum</span> <span class='ocrx_word' id='word_1_247' title='bbox 442 2596 544 2636; x_wconf 81' lang='lat' dir='ltr'>artis</span> <span class='ocrx_word' id='word_1_248' title='bbox 574 2604 616 2636; x_wconf 80' lang='lat' dir='ltr'>et</span> <span class='ocrx_word' id='word_1_249' title='bbox 644 2597 851 2638; x_wconf 86' lang='lat' dir='ltr'>sermonis</span> <span class='ocrx_word' id='word_1_250' title='bbox 880 2601 1102 2654; x_wconf 81' lang='lat' dir='ltr'>praecepta</span> <span class='ocrx_word' id='word_1_251' title='bbox 1131 2590 1287 2649; x_wconf 86' lang='lat' dir='ltr'>deligat</span> <span class='ocrx_word' id='word_1_252' title='bbox 1311 2606 1412 2634; x_wconf 72' lang='lat' dir='ltr'>vera</span> <span class='ocrx_word' id='word_1_253' title='bbox 1439 2601 1480 2634; x_wconf 90' lang='lat' dir='ltr'>et</span> <span class='ocrx_word' id='word_1_254' title='bbox 1508 2604 1625 2633; x_wconf 88' lang='lat' dir='ltr'>man-</span> 
     </span>
    </p>
   </div>
  </div>
 </body>
</html>
