1721 2974
165 137 182 171 1
191 138 215 172 2
597 129 869 185 Supplcmenm
898 135 1165 171 annotationis

275 244 307 296 ξ.
336 247 400 283 18.
440 258 604 296 parvum
625 245 745 283 etiam
766 243 874 284 Sich.
900 243 1040 297 Camp.
1058 242 1181 285 Paris.
1207 250 1242 284 1.
1273 244 1408 286 Turio.
1432 248 1594 287 habent.

157 326 298 364 parum
328 319 460 349 tamen
490 309 616 351 Aan.
642 316 677 350 1.
711 310 1000 365 (superscripto
1030 319 1187 351 tantum
1218 330 1242 352 u
1271 328 1294 352 a
1322 329 1398 353 sec.
1429 313 1594 369 manu).

162 379 375 431 [conferri
413 379 575 427 jubebat
619 377 826 431 Spalding.
856 376 937 429 Ill,
973 385 990 417 1
1011 410 1021 429 ,
1053 383 1091 419 5.
1132 377 1233 430 ΧΠ,
1264 385 1305 431 2,
1337 380 1362 419 4
1406 396 1598 435 suamque

160 446 208 484 de
237 444 416 484 Marcell.
450 444 576 485 Cicer.
609 446 919 498 disputationem
949 461 1038 499 pag.
1060 446 1156 498 92]
1272 447 1342 487 illo
1374 450 1458 503 ipso
1488 451 1598 489 Flor.

161 512 301 565 Canip.
338 511 437 552 Tur.
498 515 580 567 ipso
611 513 679 552 illo
711 512 837 552 Amb.
873 518 910 552 1.
1022 530 1117 568 puer
1147 524 1186 555 et
1216 531 1316 555 armo
1354 531 1433 556 om.
1465 515 1599 565 Flor.,

158 583 236 619 alia
266 589 402 619 tamen
433 595 575 620 manus
607 581 773 620 addidit.

269 652 304 700 §.
338 653 406 687 20.
472 648 564 687 Non
615 665 698 686 sum
745 646 841 687 adeo
882 648 972 687 edd.
1010 650 1164 703 aliquot
1205 659 1331 702 vett.;
1380 654 1435 690 ita
1476 649 1597 690 Goth.

158 715 274 755 Voss.
309 722 348 756 2.
443 719 627 755 aetatium
656 714 754 754 Tur.
786 713 892 755 Flor.
983 720 1162 769 protinus
1192 721 1330 757 senet-is
1362 717 1460 758 Tur.
1491 717 1599 757 Flor.

155 782 282 823 Amb.
321 789 358 824 1.
403 783 542 836 Camp.
656 781 812 835 plenam
849 798 1019 836 operam.
1079 783 1197 837 plane
1237 802 1299 839 op.
1350 784 1448 824 Tur.
1490 788 1599 825 Flor.

156 850 283 892 Amb.
321 857 358 892 1.
397 850 550 890 Almel.
590 849 709 889 Bodl.
753 847 888 890 Guels.
932 848 1053 890 Goth.
1087 852 1176 890 edd.
1209 854 1363 906 aliquot
1391 861 1488 893 vett.

153 929 377 973 perceptam
408 921 529 957 etiam
557 917 657 957 Tur.
688 913 825 957 Amb.*
847 922 885 957 1.
928 916 1067 970 Camp.
1108 918 1197 959 Par.
1233 925 1269 959 1.
1297 926 1336 960 2.
1361 926 1399 960 6.
1516 920 1604 960 lau-

158 986 280 1025 (lclur.
330 986 429 1026 Tur.
475 1000 511 1025 a.
552 1001 611 1038 pr.
656 1000 710 1023 ln.
752 983 950 1033 laudetur,
1007 987 1115 1024 unde
1154 989 1232 1026 alia
1271 1002 1329 1027 ln.
1368 1003 1468 1028 corr.
1512 988 1604 1028 liui—

156 1065 258 1092 ictui·
289 1050 427 1108 (sic);
473 1054 657 1091 invitetur
689 1051 808 1092 Bodl.
853 1051 992 1105 Camp.
1039 1052 1195 1104 Audiat,
1247 1053 1347 1095 Obr.
1380 1055 1601 1105 deliniatur,

155 1121 268 1160 haud
297 1121 417 1159 dubie
448 1120 495 1159 de
527 1123 778 1172 conjectura3
818 1117 944 1159 Amb.
969 1125 1006 1159 1.
1036 1119 1236 1168 laudetur,
1276 1131 1322 1161 ut
1349 1125 1471 1175 vulgo
1499 1127 1603 1176 legi-

158 1198 236 1229 tur.
325 1204 533 1242 numquam
562 1204 637 1227 non
665 1190 785 1228 scisse
815 1204 879 1239 se;
930 1191 986 1226 ita
1018 1186 1138 1228 Gesn.
1171 1189 1277 1228 edjd.
1309 1205 1329 1228 e
1361 1190 1449 1230 cod.
1482 1188 1603 1231 Goth.

156 1272 237 1296 acc.
269 1256 385 1296 Voss.
405 1262 443 1295 2.
478 1265 517 1295 et
544 1254 668 1295 Paris.
691 1262 731 1296 2.
791 1271 1077 1310 nonnumquam
1093 1255 1247 1312 secisse
1276 1273 1316 1295 se
1344 1257 1452 1298 Jens.
1480 1256 1602 1298 Tarv.

155 1322 255 1364 Loc.
294 1323 404 1363 Ven.
447 1323 556 1363 Sich.
589 1324 667 1362 duo
698 1322 827 1362 Palat.
859 1321 982 1362 Paris.
1008 1328 1045 1362 1.
1105 1339 1391 1378 nonnumquam
1417 1327 1538 1363 scisse
1564 1342 1605 1364 se

158 1393 248 1431 edd.
289 1392 383 1430 inde
423 1406 444 1429 a
474 1389 576 1430 Bad.
609 1406 736 1444 usque
769 1391 820 1429 ad
849 1388 990 1429 Burm.
1050 1407 1259 1444 numquam
1288 1407 1364 1430 non
1378 1392 1532 1448 fecisse
1565 1411 1606 1432 se

160 1460 299 1512 Camp.
333 1457 431 1498 Ald.
463 1457 564 1498 Obr.
599 1456 733 1498 Guelf.
769 1457 867 1497 Tur.
896 1457 1028 1509 Flor.3
1079 1456 1234 1497 Almel.
1264 1456 1384 1500 Bodl.
1415 1459 1540 1501 Paris.
1562 1462 1602 1501 4.

161 1532 198 1567 6.
232 1527 344 1565 haud
373 1528 453 1565 scio
485 1540 535 1563 an
569 1527 690 1563 etiam
710 1523 832 1565 Goth.
865 1533 904 1564 et
932 1527 1048 1565 Voss.
1073 1531 1113 1565 2.
1145 1525 1425 1566 eodemmodo
1443 1531 1602 1581 legant3

158 1611 179 1634 e
209 1604 352 1633 neutro
384 1596 493 1632 enim
524 1593 666 1631 diserte
696 1594 858 1631 affertur
888 1595 1034 1643 scisse,
1077 1592 1147 1632 sed
1176 1608 1270 1632 cum
1301 1596 1437 1634 collati
1455 1597 1535 1635 sint
1555 1597 1606 1635 ad

159 1663 380 1712 editiones,
431 1675 534 1715 quae
563 1676 770 1714 nonnumq.
809 1663 933 1699 scisse
965 1660 1137 1710 habent,
1178 1661 1256 1701 hoc
1285 1664 1416 1701 solum
1446 1678 1606 1702 memo-

155 1740 293 1780 ratur,
334 1745 399 1768 eos
433 1744 640 1782 numquam
669 1744 745 1767 non
773 1729 985 1780 praeferre.
1101 1731 1281 1781 inierim5
1309 1732 1355 1768 in
1383 1729 1520 1770 Turio.
1552 1733 1604 1770 al.

156 1813 268 1837 man.
301 1812 397 1836 cort.
429 1795 644 1847 interdum,
694 1804 740 1835 ut
766 1795 919 1835 habent
946 1793 1065 1834 Bodl.
1099 1794 1240 1849 Camp.
1358 1807 1395 1836 et
1419 1800 1607 1852 praemiis

157 1868 276 1904 eliam
311 1863 419 1904 Flor.
462 1863 602 1918 Camp.
647 1862 860 1904 Pottierius
897 1871 1034 1902 tamen
1073 1866 1192 1902 etiam
1222 1864 1356 1903 deesse
1387 1867 1432 1904 in
1460 1863 1603 1905 Pariss.

157 1933 276 1973 codd.
308 1935 491 1972 omnibus
523 1941 562 1971 et
590 1932 685 1971 edit.
717 1930 857 1985 Camp.
891 1939 1070 1971 annotat.

275 2001 312 2049 §.
345 2004 413 2040 21.
473 2010 668 2040 oratorem
695 1999 967 2039 instituendum
993 1997 1092 2039 Tur.
1122 1996 1229 2038 Flor.
1252 1996 1380 2038 Amb.
1411 2003 1448 2038 1.
1480 1997 1604 2040 Goth.

161 2067 303 2120 Camp.
421 2069 537 2106 etiam
567 2083 647 2108 om.
678 2067 776 2108 Tur.
813 2066 934 2107 Goth.
965 2065 1073 2106 Flor.
1108 2064 1243 2107 Guelf'.
1273 2065 1429 2117 BodJej.
1463 2065 1604 2120 Camp.

159 2135 270 2175 Ven.
300 2132 399 2174 AJd.
432 2133 534 2176 Bad.
573 2135 689 2176 Cerv.
720 2135 818 2176 Vid.
849 2133 1004 2188 Gryph.
1038 2133 1139 2175 Obr.
1171 2133 1334 2190 (itaque
1359 2144 1398 2173 et
1418 2137 1603 2174 Ambros.

164 2209 200 2243 1.
234 2219 286 2242 ex
315 2218 395 2257 quo
418 2203 524 2242 nihil
545 2204 746 2243 diversum
767 2200 959 2256 notatur).
1043 2217 1144 2241 mox
1162 2217 1242 2242 om.
1276 2201 1415 2252 Tarv.,
1448 2210 1607 2253 utrum-

162 2288 242 2327 que
272 2287 351 2312 om.
382 2271 490 2313 Jens.
521 2269 621 2312 Loc.
739 2287 887 2311 necesse
916 2286 994 2310 non
1025 2280 1081 2309 est
1120 2270 1209 2309 edd.
1240 2272 1455 2323 pleraeque
1484 2277 1607 2319 vett.‚

163 2349 320 2394 praeter
355 2340 454 2381 Ald.
487 2339 599 2380 Sich.

278 2411 312 2459 ξ.
345 2414 411 2448 22.
450 2394 618 2464 ssew-at
646 2415 698 2446 et.
730 2404 871 2459 Camp.
904 2414 944 2446 et
974 2403 1074 2445 Tur.
1105 2419 1128 2444 a
1156 2419 1211 2443 m.
1242 2418 1346 2454 sec.,
1379 2417 1474 2443 cum
1501 2404 1608 2455 prlor

167 2474 338 2514 dedisset
355 2475 529 2530 faceret.
647 2483 771 2513 aetate
799 2481 888 2526 post
920 2483 1052 2511 tenera
1078 2473 1155 2511 ins.
1188 2469 1328 2523 Camp.
1359 2468 1494 2510 Andr.

281 2543 315 2595 ξ.
347 2546 412 2582 23.
472 2554 507 2581 et
544 2558 569 2582 a
606 2543 770 2596 perfect.
810 2557 959 2595 quoque
995 2541 1137 2595 optime
1165 2539 1355 2586 tractari,
1403 2548 1439 2575 et
1466 2532 1606 2590 perliti.

167 2611 275 2662 prius
316 2620 352 2649 et
399 2624 477 2650 om.
525 2608 646 2650 Tarv.
693 2609 802 2649 Ven.
843 2606 963 2658 Ald.,
1013 2616 1228 2662 utrumque
1269 2604 1396 2647 Stoer.
1436 2603 1607 2644 Chouet.
