1721 2974
157 164 214 202 70
602 163 874 220 Supplementa
905 166 1168 205 annotaiionis

161 289 252 314 mon
290 285 324 314 et
363 277 482 316 totius
518 293 580 332 op.
613 278 719 332 div.)
782 277 886 328 Quid
927 279 978 316 sit
1010 277 1200 320 rhetorice
1225 289 1259 319 et
1289 281 1373 336 quis
1403 283 1480 336 ejus
1497 284 1613 338 finis.

160 341 232 382 An
260 342 380 384 utilis.
439 344 509 385 An
548 362 630 386 ars.
692 345 777 398 (Ita
807 345 949 396 codd.,
1002 349 1121 385 etiam
1150 349 1206 396 ii,
1259 351 1328 402 qui
1355 351 1617 402 interponunt

160 418 318 450 tantum
347 413 646 466 inscriptiones,
685 412 794 451 unde
825 421 1009 465 apparet,
1059 428 1174 465 eum,
1224 418 1293 468 qui
1320 419 1472 468 primus
1502 418 1617 456 addi-

164 477 246 528 dit,
286 482 327 517 in
359 481 488 518 fronte
516 484 636 519 'totius
666 482 758 519 libri
787 482 986 532 posuisse3
1029 481 1120 521 edd.
1142 482 1297 521 addunt
1320 485 1370 521 sit
1390 482 1616 539 rhetorice.)

162 543 236 582 Eoe
267 546 403 598 quibus
433 547 597 587 artibus.
659 543 746 599 (Ita
775 546 919 598 codd.;
968 547 1059 587 edd.
1089 549 1184 587 iude
1215 564 1237 587 a
1265 548 1401 590 Jens.:
1447 548 1619 591 Genera-

160 609 211 649 lis
250 612 392 652 divisio
436 617 580 653 artium
619 624 654 652 et
695 629 750 652 επ
790 614 927 668 quibus
976 616 1028 652 sit
1067 613 1299 670 rhetorice.)
1367 616 1529 657 Natura
1567 635 1619 657 an

160 677 344 719 doctrina
381 679 471 734 plus
515 683 550 719 ci
591 697 660 720 con
687 691 785 721 erat.
855 678 940 734 (Ita
980 681 1120 733 codd.;
1172 683 1262 722 edd.
1305 697 1327 722 a
1355 682 1465 724 Jens.
1495 685 1615 725 inde:

166 745 307 785 Utrum
340 746 430 802 plus
469 747 649 803 corfferat
689 748 926 803 eloquentiae
963 765 1031 788 ars
1072 766 1124 788 an
1155 749 1337 804 natura.)
1395 750 1466 790 An
1493 755 1619 790 virtus

161 813 352 853 rhetorice
378 813 510 866 (Edd.
542 816 696 856 addunt
725 818 776 854 sit
792 814 825 869 ).
887 815 996 869 Quae
1024 819 1193 856 materia
1222 819 1301 870 ejus
1333 815 1462 870 (Edd.
1496 818 1545 871 Q.
1567 821 1619 858 sit

160 897 213 922 m.
245 879 500 936 rhetorices).

753 982 786 1025 C
816 997 844 1024 A
876 999 916 1025 ι’.
985 981 1020 1025 1.

271 1085 307 1138 ξ.
342 1090 381 1125 1.
450 1096 504 1124 est
545 1102 679 1126 causa.
752 1102 787 1125 c.
829 1102 861 1126 e.
907 1084 1103 1127 Amb.1.
1150 1084 1287 1126 Turic.
1328 1085 1438 1127 Flor.
1479 1085 1618 1128 Guelf.

156 1148 270 1192 Sich.
387 1163 422 1191 et
452 1162 542 1192 ante
560 1154 746 1193 .rlze!0res
776 1155 928 1193 omittit
955 1151 1081 1192 Amb.
1108 1158 1145 1193 1.
1450 1170 1460 1175 “

273 1221 306 1274 §.
339 1227 379 1261 2.
436 1220 543 1259 Nam
574 1232 610 1260 et
640 1221 715 1261 illi.
776 1231 809 1259 et
839 1235 919 1260 om.
951 1220 1062 1260 Jens.
1096 1229 1135 1260 et
1165 1223 1266 1260 aliae
1296 1222 1387 1262 edd.
1419 1230 1515 1262 vett.

157 1285 317 1327 ducunt.
368 1287 478 1328 Jens.
510 1288 631 1328 Tarv.
661 1288 772 1327 Ven.
803 1286 925 1327 Voss.
951 1292 988 1327 1.
1015 1293 1054 1328 3.
1125 1287 1282 1337 dicunt,
1325 1292 1442 1329 solito
1474 1305 1617 1330 errore.

244 1354 396 1395 relicta.
455 1355 643 1394 derelicta
671 1355 791 1395 Voss.
815 1360 856 1394 2.
888 1369 982 1393 cum
1010 1354 1118 1394 Jens.
1151 1364 1190 1394 et
1219 1356 1310 1395 edd.
1338 1366 1503 1409 posterr.
1527 1367 1618 1397 ante

158 1418 343 1474 Gryph.,
390 1438 477 1462 exc.
519 1422 631 1462 Sich.
745 1438 893 1476 quoqne
930 1424 996 1461 iis.
1055 1420 1115 1461 Ita
1156 1424 1277 1461 etiam
1313 1422 1450 1463 Turic.
1565 1435 1619 1463 est

157 1487 350 1530 habenda.
411 1490 500 1529 hab.
533 1500 587 1527 cst
615 1488 741 1529 Amb.
765 1493 800 1528 1.
841 1488 979 1528 Turic.
1010 1487 1120 1528 Flor.
1153 1486 1289 1529 Guelf.
1324 1487 1446 1530 Goth.
1479 1489 1619 1544 Camp.

156 1555 267 1597 Jens.
310 1566 349 1597 et
389 1558 479 1596 edd.
523 1565 687 1610 posterr.
728 1565 821 1595 aute
863 1554 1117 1610 Gryphium,
1172 1560 1242 1610 qui
1281 1555 1351 1609 (ut
1389 1557 1467 1597 hoc
1495 1562 1620 1598 semel

156 1623 347 1680 notetur)
379 1624 579 1677 Stephani
606 1627 883 1663 recensionem
912 1633 1093 1676 secutus,
1125 1626 1415 1664 vocabulorum
1436 1626 1620 1665 ordinem

157 1694 386 1744 saepissime
414 1695 599 1732 mutavit.
717 1702 751 1730 et
781 1691 834 1730 acl
863 1694 1079 1731 suasorias.
1139 1702 1172 1730 et
1204 1694 1331 1730 omitt.
1354 1695 1475 1731 etiam
1491 1691 1618 1734 Amb.

160 1763 197 1798 1·
227 1758 338 1800 Flor.
369 1759 494 1800 Paris.
518 1765 557 1800 5.
591 1758 732 1814 (usqne
760 1769 795 1797 et
826 1758 879 1798 acl
910 1763 948 1799 1.
971 1758 1040 1811 2.)
1072 1757 1212 1811 Camp.

273 1829 306 1882 ᾗ.
340 1832 379 1868 3.
441 1826 574 1867 altior.
599 1830 700 1879 jam.
754 1829 840 1880 jam
869 1825 941 1865 alt.
979 1824 1105 1865 Amb.
1142 1830 1179 1865 1.
1220 1824 1330 1866 Flor.
1363 1824 1504 1880 Camp.

158 1892 303 1933 debita.
372 1893 507 1934 dedita
554 1893 694 1933 Turic.
736 1908 759 1932 a
797 1909 875 1932 sec.
914 1906 970 1931 m.
1016 1891 1157 1945 Camp.
1283 1893 1459 1932 subsidat
1499 1897 1620 1934 etiam

156 1959 284 2002 Amb.
308 1966 345 2001 1.
369 1966 409 2002 2.
439 1961 548 2001 Flor.
579 1960 703 2001 Paris.
726 1965 762 2000 1.
787 1966 826 2001 2.
849 1964 888 2000 5.
921 1958 1062 2013 Camp.
1095 1974 1189 1998 cum
1220 1960 1311 2000 edd.
1343 1969 1435 2000 ante
1461 1959 1616 2014 Gryph.

244 2028 312 2069 Ita
349 2027 467 2084 quocl.
526 2027 664 2082 Itaque
703 2045 740 2083 q.
781 2026 902 2067 Bodl.
942 2025 1033 2066 Bal,
1076 2025 1200 2067 Goth.
1240 2026 1361 2067 Voss.
1394 2033 1433 2068 2.
1475 2027 1616 2081 Camp.

157 2096 266 2138 Jens.
300 2105 338 2136 et
368 2097 459 2136 edd.
490 2105 654 2149 posterr.
688 2104 780 2135 ante
812 2092 991 2148 Gryph.,
1034 2109 1118 2134 acc.
1144 2093 1246 2134 Obr.
1303 2097 1522 2148 Receptam
1548 2096 1620 2134 de-

158 2165 289 2203 feudit
304 2163 430 2203 Amb.
454 2169 492 2204 1.
607 2163 775 2203 videtur.
832 2162 1013 2202 videatur
1034 2160 1161 2208 Δηὼ.
1188 2167 1226 2202 1.
1260 2177 1282 2201 a
1301 2163 1379 2202 sec.
1398 2176 1454 2201 m.
1477 2159 1616 2202 Turio.

157 2230 274 2272 Alm.
313 2231 422 2272 Flor.
464 2229 604 2284 Camp.
726 2233 811 2284 jam
860 2232 988 2269 omitt.
1036 2232 1157 2268 etiam
1196 2228 1303 2269 Flor.
1342 2228 1468 2269 Paris.
1505 2234 1543 2269 1.
1576 2233 1615 2270 5.

159 2296 285 2338 Aan.
308 2304 348 2339 2.
381 2297 519 2352 Camp.
551 2298 664 2339 Sich.
696 2297 798 2339 Obr.
829 2298 920 2336 fort.
950 2295 1077 2337 Amb.
1104 2301 1142 2336 1.

274 2368 308 2420 ᾧ.
341 2367 381 2405 4.
441 2369 659 2407 constitere.
718 2367 927 2405 consistere
958 2362 1097 2404 Turic.
1127 2378 1220 2404 cum
1249 2361 1364 2404 Ahn.
1476 2365 1617 2419 po'e'ia-

162 2450 245 2471 rum
284 2434 646 2489 historicorumque.
712 2435 940 2472 criticorum
978 2432 1068 2470 laist.
1108 2429 1224 2471 Alm.
1262 2430 1372 2472 Flor.
1411 2429 1550 2472 Turio.
1592 2446 1616 2471 a

161 2514 220 2552 pr.
251 2514 306 2539 m.
337 2501 441 2552 (nisi
470 2503 578 2556 quod
608 2502 674 2540 hio
704 2499 828 2553 orit.).
887 2509 1088 2539 oratorum
1116 2497 1208 2538 hist.
1239 2497 1376 2538 Turio.
1408 2513 1431 2538 a
1459 2515 1536 2538 sec.
1558 2513 1613 2537 m.
1691 2530 1693 2561 >

163 2566 302 2620 Camp.
359 2568 496 2608 histor.
519 2571 818 2621 criticorumque
836 2564 962 2607 Amb.
987 2572 1024 2607 1.
1141 2564 1302 2620 alioqui.
1353 2568 1395 2605 in
1424 2565 1505 2606 alio
1525 2568 1615 2620 qui-
1689 2564 1705 2632 Ξ.

1689 2633 1691 2669 Ι

165 2633 250 2674 dem
277 2633 414 2676 Turic.
448 2651 470 2675 a
498 2651 576 2677 sec.
607 2651 662 2675 m.
691 2633 811 2676 Bodl.
842 2633 933 2675 Bal.
966 2632 1106 2688 Camp.
1137 2631 1270 2674 Andr.
