1721 2974
178 163 264 207 242
614 160 890 216 Supplementa
926 161 1194 203 annotationis

179 293 267 317 non.
381 277 688 328 interrogatione
717 297 773 304 —-
797 273 969 326 patroni.
1025 270 1092 311 Sic
1126 269 1286 326 Guelf.,
1335 275 1472 314 ceteris
1503 278 1627 316 omis-

178 347 243 384 sis.
360 342 521 399 resrig.‚·
561 352 641 381 aut.
700 339 837 379 Turio.
868 339 972 378 Flor.
1001 342 1139 378 inserr.
1172 350 1227 379 est
1258 356 1351 380 cum
1368 339 1507 394 Camp.
1589 346 1627 388 ,ςί

178 411 283 468 qnicl.
344 410 482 450 Turio.
523 424 545 448 a
573 425 632 461 pr.
660 409 715 446 r'n.
754 406 865 447 Flor.
903 405 1017 446 Ahn.
1050 409 1086 446 si
1113 409 1210 461 quis,
1272 406 1397 449 Goth.
1434 407 1554 449 Voss.
1584 416 1627 450 2.

179 480 320 534 Camp.
355 482 390 518 si
419 493 506 532 qva.
565 475 701 515 Turio.
735 489 757 513 a
788 490 866 514 sec.
902 489 958 514 m.
998 477 1035 513 εἰ
1072 491 1182 529 quae.
1290 478 1425 516 vitam.
1486 475 1627 517 Turio.

176 549 286 589 Flor,
319 547 457 598 Camp.
490 542 624 584 Guelf.
653 541 778 581 Amb.
801 548 841 582 2.
872 542 990 581 Voss.
1017 548 1053 582 1.
1077 548 1115 582 3.
1144 545 1238 581 vita.

294 617 331 668 ξ.
365 619 430 654 27.
485 615 737 666 pugnassent.
797 608 923 649 Amb.
961 614 998 649 1.
1039 609 1174 650 Turio.
1205 610 1314 651 Flor.
1342 610 1455 652 Alm.
1485 610 1628 665 Camp.

175 694 340 741 pugnat,
453 682 700 731 mitigantur.
758 675 885 717 Amb.
920 682 957 717 1.
996 676 1133 718 Turio.
1175 677 1284 718 Flor.
1322 677 1438 719 Ahn.
1467 682 1629 732 mitiga-

176 753 254 792 tur.
371 759 437 788 aut
466 750 508 786 in
539 762 672 785 causa..
726 743 852 784 Amb.
878 750 914 785 1.
936 751 976 785 2.
1004 744 1112 785 Flor.
1142 745 1232 786 Par.
1255 752 1293 786 1.
1314 752 1354 786 2.
1375 751 1416 787 5.
1445 745 1564 787 Voss.
1587 751 1627 786 1.

179 826 218 860 3.
251 837 288 858 o.
323 832 377 856 ex
417 833 450 855 c.
510 813 620 854 Jens.
660 821 699 852 et
739 813 830 852 edd.
862 821 952 852 ante
984 812 1112 853 Colin.
1143 825 1197 852 est
1224 831 1262 854 a.
1293 817 1334 853 in
1366 831 1400 855 c.
1509 831 1628 868 prae-

178 889 359 940 cepimus.
424 884 561 923 Guelf.
591 883 852 936 praecipimus
880 880 1007 921 altius.
1060 879 1191 921 Guelf.
1223 881 1351 921 latius.
1443 884 1626 936 suspecti.

174 954 300 995 Amb.
326 958 362 992 1.
388 952 592 1005 suspectio.
708 951 882 1002 repetita.
941 948 1066 989 Amb.
1099 954 1135 988 1.
1165 947 1276 990 Flor.
1306 954 1328 987 {a
1351 965 1411 1003 pr.
1431 964 1486 989 m.
1518 953 1629 1004 repe-¹

175 1026 281 1061 titus.
363 1020 668 1074 percontatione.
726 1015 863 1056 Turio.
891 1018 1232 1071 percontationem.
1283 1014 1417 1058 Guelf.
1439 1034 1510 1072 per
1531 1033 1627 1057 con-

174 1091 393 1128 tentionem.
452 1085 578 1125 Amb.
604 1091 644 1125 2.
669 1087 930 1139 percontione.
991 1082 1128 1138 Camp.
1147 1101 1219 1140 per
1235 1087 1544 1126 concitationem.

175 1174 291 1212 saepe
321 1173 377 1196 eo.
438 1155 546 1195 Jens.
578 1151 678 1192 Loc.
707 1151 890 1192 Ve11.·e0
921 1168 1046 1206 saepe.

289 1226 324 1277 §.
355 1228 423 1264 28.
484 1221 581 1273 Ejus
612 1223 680 1260 rei.
742 1219 841 1260 ΑΜ.
875 1222 983 1273 cujus
1013 1236 1047 1261 r.
1161 1235 1281 1273 neque
1301 1218 1398 1260 disc.
1425 1243 1482 1252 --
1512 1236 1629 1274 neque

175 1308 312 1333 exerc.
373 1290 440 1331 Sic
481 1293 602 1328 etiam
649 1287 775 1327 Aan.
810 1293 848 1326 1.
880 1293 920 1328 2.
979 1304 1096 1341 neque
1135 1290 1176 1328 d.
1217 1311 1272 1318 —-
1311 1303 1380 1326 nec
1420 1304 1453 1328 e.
1491 1285 1625 1327 Guelf.

174 1360 316 1413 Camp.
347 1357 445 1398 Ald.
479 1356 592 1396 Sich.
681 1372 767 1395 cum
793 1354 988 1409 plerisque
1016 1355 1118 1396 bene.
1169 1354 1278 1395 Flor.
1310 1370 1332 1394 a
1351 1370 1411 1409 pr.
1434 1370 1491 1396 ln.
1510 1354 1625 1395 Alm.

175 1428 316 1480 Camp.
364 1442 398 1465 e.
435 1424 568 1478 plures
609 1424 746 1478 quibus
782 1423 839 1477 pl.
877 1423 912 1462 b.
972 1421 1097 1462 Aan.
1131 1428 1167 1463 1.
1209 1422 1346 1463 Turio.
1379 1439 1465 1462 cum
1496 1423 1629 1478 plures

174 1496 310 1550 quibus
341 1495 376 1532 b.
494 1492 547 1531 acl
585 1492 640 1531 id.
699 1491 825 1530 Amb.
861 1495 899 1530 1.
942 1488 1079 1529 Turio.
1119 1489 1236 1530 Alm.
1275 1490 1328 1530 acl
1357 1493 1404 1531 si.
1462 1489 1571 1531 Flor.
1605 1506 1628 1530 a

173 1578 232 1616 pr.
253 1577 311 1602 m.
343 1572 384 1600 at
414 1563 460 1600 si.
519 1560 627 1601 Jeus.
661 1559 714 1598 ml
743 1558 852 1598 illud.
966 1557 1100 1597 volunt
1127 1559 1294 1615 efficere.
1350 1557 1487 1599 Turio.
1516 1558 1627 1599 Flor-

176 1646 199 1669 a
228 1645 288 1683 pr.
325 1644 381 1668 111.
430 1628 494 1667 vel
532 1629 760 1682 interficere.
830 1623 942 1665 Alm.
987 1624 1051 1663 vel
1087 1627 1258 1680 itficere.
1326 1626 1469 1680 Camp.
1509 1625 1629 1665 velint

173 1699 372 1752 perficere.

291 1766 328 1815 §.
361 1768 429 1804 29.
491 1760 644 1815 aliquid
673 1759 787 1814 quod.
846 1758 985 1813 Camp.
1018 1759 1127 1814 aliqu
1156 1751 1271 1815 quod.
1372 1777 1513 1814 parum
1531 1772 1626 1800 oon·-

175 1834 328 1870 sentiat.
398 1829 524 1869 Amb.
568 1833 604 1868 1.
647 1828 784 1868 Turio.
823 1826 930 1869 Flor.
975 1843 996 1868 a
1031 1844 1090 1881 pr.
1128 1843 1185 1868 m.
1226 1826 1340 1867 Alm.
1384 1845 1481 1882 pars
1519 1844 1626 1868 cons.

176 1898 315 1953 Camp.
354 1908 488 1953 partes
529 1899 767 1936 consentiant
799 1912 863 1935 an.
980 1913 1005 1935 a
1031 1906 1133 1937 teste.
1191 1895 1319 1935 Amb.
1358 1900 1394 1935 1.
1434 1912 1461 1935 a
1498 1906 1626 1946 testes,

177 1982 199 2006 a
227 1982 306 2006 sec.
337 1982 391 2005 m.
424 1970 458 2002 α’.
490 1975 518 2004 t.
577 1961 718 2003 Turio.
752 1979 774 2002 a
800 1979 860 2016 pr.
895 1978 951 2004 m.
984 1977 1076 2002 cum
1104 1961 1220 2004 AJm.
1253 1979 1304 2002 an
1333 1973 1467 2014 testes,
1506 1978 1625 2004 asec.

175 2049 229 2074 111.
261 2051 312 2073 an
341 2035 460 2072 testis.
520 2031 629 2071 Flor.
662 2046 683 2070 a
706 2046 764 2084 pr.
789 2047 846 2071 111.
880 2048 931 2069 an
960 2041 1065 2069 teste.
1181 2032 1347 2071 interim.
1394 2027 1513 2072 Goth.
1545 2046 1626 2071 om.

261 2118 366 2140 casu.
428 2099 551 2140 Amb.
588 2105 624 2139 1.
659 2098 795 2139 Turic.
828 2098 936 2138 Flor.
967 2113 991 2137 a
1019 2113 1078 2151 pr.
1114 2112 1170 2137 m.
1216 2096 1330 2138 Alm.
1363 2114 1422 2137 ea.
1510 2115 1629 2152 .per-

175 2168 299 2209 ducet.
359 2166 480 2208 Amb.
514 2173 552 2207 1.
586 2166 723 2207 Turio.
757 2166 863 2205 Flor.
891 2165 1094 2220 perducat.

290 2237 325 2287 §.
361 2241 428 2277 30.
481 2238 647 2289 prosint.
698 2233 835 2274 Turio.
871 2249 971 2286 apr.
991 2248 1047 2273 m.
1076 2234 1215 2287 prosit.
1259 2232 1364 2273 Flor.
1381 2235 1542 2287 possint.

175 2307 324 2356 rogari.
351 2302 375 2342 J
379 2319 460 2343 ens.
476 2313 516 2342 et
528 2303 619 2342 edd.
635 2311 727 2341 ante
741 2300 898 2354 Gryph.
913 2303 1165 2353 interrogari.
1253 2300 1464 2341 humilitas,
1501 2298 1625 2347 Amb.

176 2375 214 2410 1.
246 2369 417 2410 malitia.
534 2368 880 2423 deprehendantur.
938 2365 1062 2407 Aan.
1096 2372 1134 2408 1.
1166 2383 1190 2408 a
1217 2383 1294 2407 sec.
1321 2382 1377 2407 ln.
1406 2368 1629 2422 perducan-

172 2447 237 2475 tur
278 2453 372 2477 cum
415 2436 575 2486 Turic.,
629 2451 651 2475 a
680 2452 740 2490 pr.
777 2437 868 2475 fort.
909 2434 1163 2489 prendantur.
1232 2435 1343 2476 Jens.
1384 2433 1484 2478 Loc.
1516 2436 1625 2477 Ven.

174 2502 511 2557 deprehendentur.

287 2572 323 2623 §.
357 2577 424 2612 31.
489 2574 623 2611 interr.
665 2569 786 2610 debet.
841 2568 969 2611 Amb.
1000 2574 1041 2610 1.
1088 2572 1206 2610 inser.
1247 2586 1358 2621 cum,
1397 2573 1506 2625 prius
1535 2573 1628 2611 fort.

174 2652 265 2678 non.
379 2649 529 2680 contra.
588 2636 711 2679 Amb.
747 2643 785 2678 1.
827 2636 934 2678 Flor.
966 2652 989 2677 a
1019 2653 1080 2692 pr.
1114 2652 1168 2678 m.
1200 2639 1362 2679 circum.
1475 2644 1630 2678 venuste

1709 1769 1721 2103 ἱ

1703 2243 1721 2914 Ι

1704 2918 1713 2974 i
