1721 2974
388 91 441 131 aa
473 90 638 148 Quintil.
671 87 801 130 Instit.
836 87 919 139 IX,
953 93 991 129 9.
1025 86 1062 138 §.
1095 86 1267 126 9—45.
1358 66 1366 72 ”
1476 87 1552 123 391

213 209 249 258 §.
282 209 351 246 27.
411 208 461 246 iis
489 207 556 260 qui
577 204 748 244 audient.
795 200 921 242 Amb.
942 204 980 240 1.
1009 199 1069 238 his
1089 199 1157 253 qui
1175 197 1352 237 audiant.
1466 212 1559 251 per-

102 276 232 314 cursio
257 285 311 313 esi
333 284 368 312 et
391 273 445 312 acl
458 273 563 328 plus.
614 271 740 311 Amb.
766 276 803 311 1.
828 276 866 310 2.
886 269 1086 324 percussio
1108 276 1141 304 et
1159 265 1249 320 plus
1270 263 1336 303 acl.

215 354 252 404 §.
286 357 355 394 28.
414 354 640 392 concinnus.
677 348 804 391 Amb.
829 355 869 391 2.
893 349 1120 398 concinens,
1154 350 1192 386 1.
1216 345 1459 391 concinnens,
1488 342 1558 383 sed

101 429 281 461 extrema
307 422 460 460 lineola
488 428 694 459 notantur.

211 504 248 554 §.
286 506 356 542 29.
422 499 650 554 superlatio.
715 496 843 538 Amb.
868 503 906 537 1.
930 502 971 538 2.
996 492 1238 550 supralatio,
1291 493 1392 531 item
1428 492 1557 544 iuseq.

99 582 186 622 cap.
219 569 256 619 §.
286 573 326 608 3.

213 647 249 699 §.
294 651 361 687 33.
420 657 569 686 venusi.
600 648 702 700 ipsa.
761 643 884 685 Amb.
923 650 960 685 1.
994 646 1134 699 ipsam.
1268 639 1341 695 lep.
1379 636 1485 678 alias
1523 649 1557 676 e!

95 714 204 767 paul.
254 712 377 754 Amb.
404 719 440 754 1.
474 713 714 768 leporemque
745 723 782 751 et
810 711 987 767 paulum.
1046 710 1185 751 Verba
1211 720 1279 749 ant
1299 724 1396 763 qnae
1415 705 1559 746 cadunt

97 782 278 821 similiter·
294 784 440 823 absunt
459 784 508 821 ab
533 781 660 822 Amb.
685 786 722 821 'l-
838 781 1074 837 referuntur.
1122 778 1251 819 Amb.
1279 783 1315 818 1.
1343 776 1530 831 referunt.

208 863 244 914 §.
287 862 355 902 34.
423 861 540 916 grad.
579 860 718 916 quaed.
759 872 793 900 et
824 862 1041 901 conversio.
1105 857 1234 899 Amb.
1270 861 1307 897 1.
1344 854 1464 909 grad.
1505 853 1559 893 acl

95 927 289 982 quaedam
313 940 352 968 et
378 932 616 983 congressio.

209 1009 245 1060 §.
276 1012 346 1050 35.
406 1019 442 1048 et
465 1011 611 1050 contin.
650 1007 719 1050 Sic
744 1011 866 1048 etiam
897 1007 1000 1062 (sine
1017 1005 1138 1062 quod)
1168 1003 1297 1046 Amb.
1323 1008 1362 1045 1.
1421 1002 1561 1044 Verba

94 1077 138 1115 iu
159 1074 299 1117 Turio.
321 1079 468 1118 omissa
491 1079 637 1118 absunt
661 1080 786 1117 etiam
804 1079 854 1117 ab
874 1074 1002 1117 Amb.
1028 1079 1066 1115 1.
1134 1067 1137 1070 ”

210 1156 248 1207 §.
281 1161 351 1197 37.
409 1173 487 1196 non
506 1156 613 1212 quod
632 1182 688 1188 -
707 1167 856 1197 ornent·
904 1154 1032 1197 Amb.
1057 1158 1096 1195 1.
1115 1169 1191 1193 non
1211 1154 1306 1208 quin
1324 1175 1382 1184 —
1401 1160 1559 1202 ornant,

93 1226 216 1263 etiam
233 1222 361 1265 Amb.
380 1229 420 1266 2.
450 1227 558 1280 quia.

208 1304 245 1355 §.
277 1308 348 1345 38.
407 1319 495 1344 cum
514 1314 596 1344 aut.
641 1303 768 1344 Amb.
790 1309 826 1344 1.
847 1319 924 1358 qua
946 1314 1026 1344 aut.
1068 1300 1196 1342 Aan.
1215 1306 1256 1342 2.
1279 1309 1348 1340 aut
1368 1315 1485 1341 cum.,

93 1388 169 1413 non
189 1375 228 1412 in
249 1373 398 1414 eadem.
447 1369 572 1413 Amb.
596 1378 631 1412 1.
651 1378 690 1412 2.
712 1375 903 1411 omittunt
924 1374 978 1411 in.

207 1452 246 1502 §.
278 1457 346 1494 39.
409 1468 497 1492 cum
518 1451 668 1490 demtis.
707 1450 836 1490 Amb.
863 1455 900 1490 1.
923 1449 1103 1490 demotis.
1189 1447 1255 1489 vel
1270 1464 1384 1504 conq.
1426 1447 1556 1490 Aan.

93 1525 132 1560 1.
153 1525 194 1561 2.
225 1519 291 1559 vel
306 1522 563 1575 quaestionis.
680 1522 849 1574 saepius.
902 1517 1028 1558 Aan.
1050 1523 1090 1558 1.
1121 1533 1250 1572 saepe.

206 1599 246 1649 §.
279 1599 363 1639 40.v
406 1600 545 1637 utitur.
595 1596 724 1639 Amb.
759 1603 792 1638 1.
821 1598 1014 1637 utebatur.
1061 1596 1189 1637 Amb.
1223 1603 1263 1636 2.
1294 1607 1443 1638 utatur.

89 1669 298 1707 enimvero.
347 1665 477 1707 Amb.
502 1671 542 1706 2.
574 1677 609 1704 et
630 1682 720 1705 vcro
743 1677 803 1718 et,
843 1666 915 1705 sed
943 1674 1052 1706 recte
1070 1663 1199 1706 Aan.
1222 1670 1259 1704 1.
1284 1675 1320 1703 et
1342 1680 1443 1704 vere.

203 1747 239 1798 §.
273 1745 342 1785 41.
402 1747 558 1800 optime.
608 1744 737 1786 Amb.
761 1749 799 1787 1.
832 1756 1000 1800 optume.
1049 1742 1167 1785 Idem
1195 1754 1286 1799 post
1318 1755 1387 1784 aut
1408 1755 1559 1785 senten-

91 1814 158 1851 tiis
187 1827 259 1865 pro
289 1812 504 1866 exemplis,
546 1822 586 1853 et
614 1813 769 1864 cadem,
810 1824 847 1853 et
874 1815 915 1853 in
940 1830 1021 1853 uno,
1048 1830 1091 1853 re
1108 1813 1269 1853 haereat
1289 1816 1331 1853 in
1350 1813 1560 1869 eademque

91 1891 352 1920 commoretur
374 1883 577 1920 sententia.

205 1961 242 2012 §.
271 1959 340 2001 42.
398 1957 539 1999 Verba
566 1975 681 2013 saepe
709 1961 827 1998 etiam
857 1969 900 1997 ut
930 1969 1113 1998 extenuet
1151 1959 1299 2015 aliquis
1331 1962 1476 2007 absunt
1505 1963 1556 2002 ab

88 2026 217 2068 Amb.
243 2032 278 2067 1.
391 2037 433 2066 ut
455 2043 495 2066 se
514 2029 606 2081 ipse.
654 2026 787 2068 Abest
811 2037 852 2065 ut
873 2029 921 2066 ab
945 2027 1102 2068 eodem.
1160 2026 1272 2069 Tum
1291 2028 1444 2069 dixerit
1463 2046 1557 2071 cum

88 2094 226 2144 Amb.,
240 2101 281 2137 2.

206 2176 245 2226 §.
278 2175 348 2214 43.
407 2171 540 2214 Amb.
571 2178 608 2213 1.
639 2175 789 2214 omittit
821 2189 871 2214 ac
902 2182 997 2214 ante
1027 2173 1225 2229 negligat,
1264 2185 1352 2217 tum
1369 2193 1557 2233 praemo-

89 2255 178 2285 neat
206 2257 279 2298 pro
310 2244 575 2296 praemuniat.

205 2323 242 2375 §.
273 2321 343 2361 44.
401 2320 534 2360 videat
563 2337 651 2375 opp.
712 2319 837 2362 Amb.
869 2326 907 2361 1.
937 2321 1133 2362 videatur.
1193 2321 1355 2364 DeInde
1386 2341 1412 2362 a
1437 2341 1552 2380 prop.

94 2390 207 2445 (sine
233 2389 297 2444 ut)
329 2388 494 2430 declinet
526 2388 786 2444 aliquantum.
845 2387 984 2430 Etiam
1003 2388 1129 2432 Amb.
1150 2397 1192 2432 2.
1220 2391 1480 2447 aliquantum.

201 2473 238 2520 §.
271 2471 339 2511 45.
399 2479 596 2523 sequatur.
651 2467 777 2510 Amb.
810 2473 849 2508 1.
889 2479 1080 2524 sequetur.
1139 2468 1252 2512 Tum
1279 2474 1402 2513 verba
1428 2475 1466 2512 si
1494 2490 1554 2514 res

96 2539 257 2578 omittit.
