1721 2974
185 127 263 163 366
637 121 904 178 Supplemenm
935 123 1193 161 annotationis

299 235 335 284 §.
370 238 433 275 16.
493 235 588 290 qnid
614 238 723 274 enim.
772 234 839 273 Sic
872 232 976 273 Flor.
1010 232 1132 274 Paris.
1159 239 1194 273 ·1.
1224 239 1261 273 2.
1287 233 1356 273 sed
1383 231 1502 273 Amb.
1526 232 1625 287 quid

187 311 241 340 est
262 305 359 341 enim
384 301 498 354 volgo
520 305 713 341 universos
734 311 768 338 e!
792 300 930 339 ΙιιΙίωϊ
949 309 1024 339 cet.
1094 292 1321 352 [Pertinere
1344 300 1421 340 hoc
1443 316 1488 340 eo
1511 302 1626 340 vide-

188 378 273 420 tur,
314 369 419 423 quod
437 372 504 408 illo
526 372 613 408 loco
637 366 773 407 Cicero
804 376 920 406 autea
943 368 1095 406 dixerat
1115 367 1255 421 vulgo,
1282 371 1451 422 passim,
1483 377 1528 407 ut
1547 371 1627 418 jam

186 435 286 475 haec
316 438 437 474 altera
481 436 657 473 definitio
694 435 870 484 ejusdem
901 436 1012 474 verbi
1046 435 1171 474 videri
1212 438 1344 488 possit.
1413 434 1626 475 Schiitzius
1684 436 1693 444 ”

186 504 384 542 tamenin
413 502 557 540 dissert.
579 502 834 540 scribendmn
860 509 993 540 censet
1018 511 1064 539 et
1092 517 1166 540 uno
1178 501 1309 541 *morlo
1339 516 1409 554 pro
1440 517 1524 540 nec
1552 516 1628 539 nno

186 569 335 620 moda]
439 578 493 606 cst
525 570 624 606 enim
654 578 766 608 certe.
827 566 936 608 Flor.
967 566 1092 608 Amb.
1130 572 1319 609 omittunt
1349 571 1461 609 enim.
1520 567 1628 608 Flor.

189 639 311 675 etiam
342 645 460 674 certa.

301 704 336 751 §.
369 706 436 741 17.
494 717 568 739 uno
597 702 728 742 verbo.
791 700 858 742 Sic
894 702 999 742 Flor.
1045 711 1084 742 et
1125 700 1369 755 (secuudum
1407 701 1631 753 Obrecht.)

192 768 317 808 Amb.
406 779 706 822 recuperatores.
752 767 889 809 Ambo
913 772 1200 824 reciperatores.
1285 780 1389 809 certo
1410 779 1527 809 statu.
1565 767 1633 807 Sic

189 839 313 875 etiam
331 833 438 875 Flor.
465 844 505 874 et
523 832 646 876 Amb.

301 903 337 953 §.
370 907 434 942 18.
491 901 534 940 Is
553 905 663 943 enim.
716 902 784 944 Sic
813 902 920 943 Flor.
951 901 1078 943 Amb.
1109 901 1234 943 Paris.
1258 907 1294 943 1.
1319 908 1359 944 2.
1458 912 1493 941 et
1514 902 1635 941 brevi.

189 968 317 1009 Abest
338 979 372 1006 c!
396 984 415 1007 a
441 968 547 1010 Flor.
571 979 609 1009 et
627 969 752 1009 Amb.
779 981 897 1010 recte.

301 1040 339 1088 §.
373 1041 436 1077 19.
493 1047 534 1074 ut
556 1039 597 1075 in
623 1054 702 1076 rem
719 1040 798 1092 fin.
850 1037 1057 1077 Omittunt
1081 1053 1157 1075 rem
1178 1036 1284 1077 Flor.
1311 1046 1349 1076 et
1365 1036 1490 1076 Amb.

302 1107 338 1156 ξ.
372 1109 440 1143 20.
490 1105 603 1142 nobis
625 1107 700 1158 ipsi
720 1108 817 1144 item
837 1104 942 1144 Flor.
963 1103 1090 1143 Amb.
1110 1119 1193 1142 11011
1213 1103 1304 1143 Par.
1330 1109 1367 1143 1.
1442 1113 1635 1158 poterunt.

191 1175 302 1213 Flor.
334 1171 462 1212 Amb.
496 1174 680 1224 poterint.

331 1269 340 1279 .
371 1245 435 1279 22.
492 1238 717 1294 manifesta.
757 1237 912 1289 Adjicit
935 1249 990 1277 cst
1011 1238 1138 1278 Amb.
1172 1251 1176 1258 '
1198 1236 1336 1277 Verba
1355 1240 1459 1277 inter
1481 1228 1637 1277 utrum-

192 1322 268 1361 qne
289 1308 482 1360 surripere
512 1308 655 1345 absunt
682 1309 802 1345 etiam
821 1322 844 1345 a
859 1304 967 1345 Flor.
991 1315 1029 1345 et
1050 1305 1176 1345 Amb.

307 1385 344 1434 §.
376 1384 440 1424 24.
496 1383 649 1437 aliquid
679 1386 799 1423 sacri.
841 1384 968 1423 Dicit.
1026 1383 1132 1424 Flor.
1167 1393 1206 1423 et
1232 1382 1360 1423 Amb.
1391 1398 1413 1422 a
1433 1398 1492 1436 pr.
1514 1396 1640 1421 manu

192 1453 319 1491 sacris
333 1482 343 1502 ‚
385 1453 433 1490 ab
459 1453 582 1489 altera
603 1453 754 1490 factum
779 1459 835 1489 est
856 1453 964 1490 sacri
982 1451 1062 1489 secl.

309 1531 346 1580 §.
379 1534 445 1571 25.
504 1545 777 1582 nonnunquam
810 1531 938 1569 etiam.
990 1528 1100 1567 Flor.v
1128 1527 1255 1567 Amb.
1290 1540 1338 1567 et.
1432 1527 1531 1567 Vox
1562 1539 1642 1583 ely-

194 1597 368 1650 mologia
397 1595 546 1637 Graece
580 1598 763 1634 scribitur
788 1598 831 1633 in
851 1594 976 1635 Aan.
1002 1605 1040 1634 et
1061 1598 1168 1648 prius
1190 1597 1354 1650 quidem
1374 1597 1640 1649 ετυμολογιαι.

307 1676 344 1727 §.
376 1679 442 1714 26.
503 1673 718 1727 adjuvetur.
776 1672 882 1712 Flor.
908 1672 1033 1712 Amb.
1058 1674 1279 1726 adjuvatur.

309 1754 346 1805 ᾗ.
380 1757 447 1793 27.
507 1768 591 1790 eum
622 1753 857 1805 servitutem.
918 1750 1084 1790 Etenim
1111 1750 1218 1789 Flor.
1253 1752 1456 1801 servitute,
1496 1750 1567 1788 sed
1593 1764 1644 1789 ex

196 1819 321 1861 Amb.
350 1819 457 1858 nihil
486 1827 657 1857 notatur.
773 1827 807 1855 et
847 1818 1072 1872 clt‘ffl’rentia
1109 1833 1204 1871 quae
1235 1817 1333 1855 libro
1368 1820 1516 1870 quinto.
1575 1815 1645 1855 Sic

196 1887 322 1928 Amb.
336 1918 347 1937 ‚
385 1885 490 1926 Flo-r.
523 1901 545 1924 a
565 1900 623 1937 pr.
646 1899 769 1923 manu
790 1895 825 1923 ct
845 1885 933 1939 [Iglffi
959 1901 1057 1938 quae
1075 1884 1270 1936 libroque,
1308 1898 1383 1922 nec
1400 1886 1512 1922 aliter
1531 1884 1646 1922 vide—

203 1963 270 1994 tur
293 1953 486 1994 Obrecht.
511 1955 555 1990 in
570 1950 786 2004 Argentor.
807 1955 1005 1990 invenisse
1020 1983 1030 2002 ,
1071 1954 1141 2005 qui
1162 1953 1328 1990 ediderit
1343 1953 1508 2004 propria
1520 1950 1647 2004 ²dt‘ffe·

202 2024 396 2075 rentiaque
419 2019 623 2059 liberorum
638 2050 649 2069 ,
689 2035 786 2072 quae
818 2019 952 2057 leviter
981 2028 1055 2058 cet.
1159 2021 1218 2073 fit
1239 2017 1438 2056 libertinus
1457 2016 1583 2063 Aan.
1606 2025 1646 2056 et

198 2090 289 2128 fort.
329 2087 434 2127 Flor.
474 2087 544 2126 sed
584 2095 718 2138 postea
757 2088 873 2124 ambo
916 2096 969 2123 cst
1013 2094 1104 2124 ante
1146 2089 1329 2137 ing-emtus
1361 2087 1560 2123 omittunt.

201 2154 355 2194 domino
377 2170 464 2193 non.
517 2151 641 2203 Quod
664 2155 782 2205 vulgo
807 2155 1073 2205 interponitur
1095 2152 1307 2192 libertatem
1331 2155 1520 2191 omittunt
1536 2151 1645 2191 Flor.

200 2220 322 2261 Paris.
349 2225 387 2261 1.
409 2227 449 2261 2.
476 2221 545 2259 sed
577 2234 628 2258 ex
657 2218 781 2259 Amb.
814 2220 919 2257 nihil
950 2234 995 2258 ea
1023 2220 1071 2258 de
1101 2236 1143 2258 re
1174 2228 1383 2270 notatum,
1433 2227 1479 2258 ut
1511 2219 1646 2258 adesse

201 2289 398 2328 videatur.
496 2303 595 2342 qnae
619 2303 738 2325 nemo.
787 2285 893 2325 Flor.
923 2285 1048 2326 Amb.
1076 2287 1190 2341 quod.

317 2368 354 2417 §.
385 2371 449 2407 28.
509 2375 636 2404 autem
656 2374 720 2402 est.
771 2363 969 2404 Ordinem
999 2368 1133 2405 verbb.
1160 2369 1365 2404 invertunt
1389 2362 1496 2402 Flor.
1521 2361 1644 2402 Amb.

286 2450 397 2473 amor
415 2436 542 2472 insan.
591 2430 756 2472 Omittit
797 2434 918 2470 etiam
951 2430 1071 2470 Amb.
1101 2448 1164 2472 an.
1269 2433 1476 2485 finitionis.
1525 2427 1645 2469 Amb.

204 2499 312 2541 flor.
325 2504 536 2555 finitiones,

312 2581 345 2632 ξ.
377 2586 444 2621 29.
494 2577 727 2619 >concedatis
751 2579 871 2618 etiam
891 2574 999 2616 Flor.
1023 2573 1142 2616 Amb.
