1721 2974
156 176 207 213 42
592 171 864 228 Supplemcnta
892 177 1160 214 annotationis

722 319 753 361 C
786 335 812 359 A
843 335 880 359 r.
939 315 1024 358 VI.

264 421 295 473 ξ.
332 425 368 459 1.
427 420 491 460 rel
519 430 609 461 ante
639 432 773 460 vctust.
810 422 928 459 inser.
968 417 1094 459 Amb.
1127 424 1164 460 1.
1206 419 1343 461 Turio.
1382 423 1492 460 sacili
1529 436 1594 460 er-

152 501 253 527 rore.
372 488 522 541 religio.
583 488 760 541 religiose
800 485 937 526 Turio.
998 485 1134 540 religio
1169 505 1209 527 sc
1247 488 1355 529 Flor.
1396 502 1419 527 a
1446 503 1506 542 pr.
1536 502 1593 528 m.

153 554 337 607 religiosa
364 554 490 595 Amb.
530 561 565 595 1.

264 624 300 673 §.
333 629 372 664 2.
432 626 508 662 nisi
536 626 571 661 si
600 620 766 676 quando.
826 623 862 660 si
902 623 1028 661 omitt.
1069 620 1206 662 Turic.
1247 623 1353 663 Flor.
1395 622 1523 663 Amb.
1558 628 1594 663 1.

152 689 291 743 Camp.
409 702 571 744 utraque
600 692 719 728 etiam
752 687 891 741 Camp.
924 688 1062 729 Turio.
1093 705 1116 728 a
1141 705 1218 729 sec.
1243 705 1297 729 m.
1415 690 1596 730 modera-

150 760 252 797 tione
291 757 417 798 Amb.
451 764 487 797 1,
529 772 551 795 a
591 770 645 794 m.
685 770 762 794 sec.
892 755 956 795 vel
998 772 1121 795 error.
1192 757 1294 795 velut
1331 774 1406 798 err.
1456 757 1593 797 Turio.

150 823 275 865 Amb.
300 831 337 865 1.
367 824 521 864 Almel.
581 821 683 860 velut
713 822 891 862 honestus
920 839 1030 862 error
1055 822 1162 862 Flor.
1193 838 1276 862 nou
1305 827 1426 864 male.

265 894 300 943 §.
331 898 367 932 3.
428 894 466 929 in
504 899 593 929 ante
632 888 820 942 analogia
857 894 1038 930 inserunt
1078 890 1215 931 Turio.
1251 890 1360 930 Flor.
1399 890 1526 931 Amb.
1556 896 1593 931 1.

151 975 173 999 a
202 976 277 999 sec.
311 976 365 1000 m.
396 957 528 999 Guelf.
563 955 703 1010 Camp.
737 974 816 1013 qua
844 962 1135 1013 praepositione
1169 962 1239 997 vix
1269 973 1399 997 carere
1427 961 1563 1012 possis,

265 1030 295 1080 ξ.
327 1029 367 1066 4.
427 1036 466 1063 ui.
497 1028 661 1064 incerta..
722 1036 756 1064 et
775 1028 850 1065 inc.
883 1025 1008 1066 Amb.
1032 1031 1068 1065 1.
1186 1026 1451 1067 diminutione.
1495 1026 1592 1066 (lem.

148 1093 283 1133 Turio.
321 1093 447 1134 Amb.
482 1097 519 1131 1.
561 1090 694 1133 Guelf.
739 1092 878 1147 Camp.
957 1094 1049 1134 dim.
1092 1093 1198 1133 Flor.
1238 1092 1353 1133 Alm.
1395 1093 1523 1134 Amb.
1552 1100 1593 1136 2.

150 1171 188 1201 et
216 1163 327 1201 editt.
361 1177 512 1201 omnes.
576 1163 668 1216 [Cf.
700 1163 800 1214 pras.
832 1159 953 1201 Vol]
982 1177 1021 1214 p.
1045 1159 1287 1212 LXXVI]

262 1231 294 1282 ξ.
327 1234 364 1270 5.
424 1229 574 1268 similia
615 1239 702 1268 sunt
742 1231 863 1268 etiam
900 1228 1036 1268 Turio.
1078 1227 1218 1282 Camp.
1261 1228 1372 1269 Sich.
1441 1229 1596 1284 [Butt-

145 1311 316 1335 mannus
347 1299 516 1347 conjecit
544 1312 614 1349 pro
646 1312 692 1335 eo
723 1297 832 1351 quod
869 1299 1048 1351 sequitur
1086 1297 1244 1336 domus:
1286 1297 1433 1338 humus.
1493 1297 1592 1339 Vid-

147 1366 271 1416 praef.
303 1363 399 1404 Vol.
423 1362 443 1402 Ῑ
472 1380 510 1417 p.
534 1361 795 1414 LXXVII]

261 1432 298 1481 §.
331 1436 367 1471 6.
429 1430 636 1471 deminutio
667 1430 803 1470 Turio.
834 1429 962 1471 Aan.
985 1435 1021 1470 1.
1055 1429 1188 1471 Guelf.
1223 1430 1363 1485 Camp.

258 1504 294 1552 ξ.
326 1504 366 1539 7.
426 1498 530 1538 Εαιῐ.
563 1502 600 1538 in
630 1498 758 1537 verbis
788 1507 861 1537 cet.
903 1497 1009 1537 Flor.
1037 1501 1093 1538 ita
1123 1503 1314 1540 collocat:
1354 1498 1404 1539 E.
1430 1516 1467 1553 q.
1490 1502 1593 1540 ratio

143 1570 184 1606 in
212 1568 317 1606 verb.
351 1569 452 1606 ratio
479 1565 586 1619 (sic)
618 1582 741 1620 comp.
855 1565 1022 1623 fatendi
1055 1569 1177 1606 etiam
1213 1566 1336 1607 Paris.
1371 1572 1407 1606 1.
1437 1573 1503 1618 2.‚
1544 1569 1594 1607 de

145 1638 283 1674 ceteris
312 1637 461 1673 siletur.
578 1636 615 1672 in
651 1636 770 1685 nit5s3
821 1637 875 1672 sic
905 1637 1028 1672 etiam
1058 1633 1195 1674 Turio.
1228 1650 1250 1674 a
1279 1651 1339 1688 pr.
1368 1650 1424 1674 m.
1467 1635 1591 1675 Paris.

147 1707 182 1741 1.
204 1708 244 1742 2.
277 1702 367 1740 edd.
399 1710 491 1740 ante
521 1700 721 1752 Badium3
760 1704 800 1739 in
822 1703 957 1756 finitis
990 1700 1130 1755 Camp.
1193 1704 1242 1751 uin
1270 1691 1434 1758 infinitis
1463 1701 1589 1743 Paris.

144 1775 182 1811 5.
212 1775 249 1809 6.
365 1779 407 1807 ut
435 1777 525 1807 ante
552 1768 726 1822 prandeo
756 1771 832 1809 ins.
864 1768 1000 1809 Turio.
1037 1767 1176 1822 Camp.
1206 1768 1323 1810 Alm.

258 1838 289 1890 ξ.
322 1841 360 1877 8.
421 1839 462 1874 ἱη
486 1837 611 1891 finito
651 1835 790 1890 Camp.
856 1833 908 1875 In
956 1835 1080 1887 verm,¹
1116 1834 1269 1876 Lucilii
1306 1836 1442 1877 Turio.
1483 1837 1590 1878 Flor.

143 1903 268 1943 Amb.
303 1909 341 1944 1.
381 1907 482 1943 alius
512 1907 590 1943 alia
620 1907 783 1943 omittit.
1210 1945 1211 1948 ,

257 1973 289 2026 ξ.
321 1976 359 2012 9.
421 1971 584 2011 dicetur.
655 1971 758 2010 dicet
795 1969 924 2010 Amb.
956 1977 995 2010 2.
1037 1968 1172 2010 Guelf.
1213 1970 1360 2011 Joaun.
1400 1971 1519 2012 Voss.
1551 1977 1590 2012 3.

145 2038 283 2091 Camp.
315 2037 448 2079 Andr.
509 2038 605 2078 dicit
632 2037 738 2079 Flor.
768 2037 884 2078 Alm.
919 2036 1041 2077 Goth.
1109 2038 1187 2076 die.
1218 2030 1346 2077 Amb.
1379 2043 1439 2087 1.,
1483 2041 1592 2094 quod

142 2116 182 2146 et
220 2106 322 2145 dicct
363 2116 402 2146 et
439 2105 536 2146 dicit
574 2108 766 2159 explicari
804 2115 945 2159 potest.
1014 2105 1164 2146 (licitur
1191 2103 1326 2145 TurIc.
1443 2115 1498 2145 est
1529 2105 1594 2145 illa·

140 2173 266 2214 Amb.
303 2179 340 2214 1.

255 2243 292 2292 §.
327 2247 392 2282 10.
453 2257 479 2280 α
504 2257 563 2279 me
591 2256 701 2281 conv.
740 2240 846 2280 Flor.

256 2311 291 2358 §.
323 2314 389 2350 11.
450 2308 638 2362 analogia
666 2325 816 2363 quoque
843 2309 993 2348 dictum
1022 2309 1245 2359 tuebamur5
1290 2310 1346 2347 ita
1371 2307 1462 2347 edd.
1494 2308 1589 2347 inde

143 2391 166 2415 a
195 2375 331 2428 Sich.‚
382 2393 402 2416 e
432 2380 627 2430 prioribus
657 2376 766 2417 Jens.
806 2376 927 2417 Tarv.
969 2373 1068 2416 Loc.
1108 2375 1215 2415 Ven.
1256 2390 1319 2414 an.
1362 2375 1436 2414 hoc
1474 2392 1514 2429 q.
1545 2375 1585 2416 d.

144 2443 242 2483 meh.
302 2442 402 2484 ΑΜ.
426 2444 528 2484 Bad.
550 2444 663 2485 Cerv.
696 2449 845 2500 aliique
875 2461 939 2483 an.
963 2460 1002 2498 q.
1026 2443 1064 2482 h.
1089 2442 1128 2483 (l.
1160 2453 1188 2482 t.
1241 2440 1364 2481 Amb.
1390 2448 1427 2482 1.
1460 2460 1524 2484 an.
1548 2460 1587 2498 q.

145 2510 238 2550 clict.
266 2511 338 2550 Ῐιοο
365 2523 391 2549 t.
408 2543 419 2562 ‚
459 2523 503 2552 ut
531 2513 685 2554 Ahnel.
717 2513 817 2566 (nisi
847 2512 957 2566 quod
984 2511 1051 2550 hic
1080 2510 1180 2550 uteb.
1212 2524 1305 2550 cum
1325 2508 1422 2548 Tur.
1442 2509 1584 2566 Flor.).

146 2595 210 2618 (ιη.
252 2578 323 2617 lzoc
363 2579 455 2618 dict.
498 2598 535 2634 q.
570 2581 678 2621 Flor.
750 2597 813 2619 an.
845 2595 994 2634 quoque
1023 2578 1116 2626 hoc,
1157 2593 1236 2618 om.
1269 2576 1418 2616 dictum
1445 2576 1582 2618 Turio.

150 2644 248 2687 Obr.
290 2645 424 2699 (haud
471 2649 588 2689 dubie
632 2662 683 2688 ex
718 2647 920 2701 Axgent.)
1011 2644 1250 2700 ,legeremus
1288 2647 1408 2685 etiam
1445 2643 1582 2685 Tuxic.
