1721 2974
145 154 199 194 acl
215 154 348 206 Quint.
370 152 467 194 Insl.
495 151 548 205 V,
569 159 610 204 2,
635 154 674 193 4.
697 157 738 194 5.
789 158 840 206 3.ἣ
874 153 914 204 4,
943 156 980 192 1.
1001 157 1040 193 2.
1086 155 1125 201 5,
1150 157 1188 192 1.
1213 159 1255 194 2.
1304 157 1344 205 6,
1369 159 1407 196 l.
1466 160 1548 197 235

87 267 123 307 cl.
146 267 185 309 h.
298 267 453 323 plura?
481 266 637 308 Plenae.
697 265 823 306 Aan.
846 271 884 307 1.
910 280 931 304 a
955 281 1013 319 pr.
1034 280 1091 304 m.
1120 267 1240 306 inser.
1261 267 1380 321 quod.
1445 268 1548 310 Flor.

87 335 195 390 quid.
252 333 394 390 Camp.
427 345 464 375 et
492 334 619 374 Amb.
646 341 685 375 2.
720 334 881 389 quibus,
913 349 1132 388 omnesque
1155 334 1352 375 exhibent
1367 335 1492 390 plene.

204 405 240 455 §.
278 410 317 444 2.
378 415 412 442 et
445 420 569 458 quem.
631 402 740 442 Jeus.
770 399 871 442 Loc.
902 400 1011 441 Ven-
1036 413 1101 441 aut
1121 419 1243 458 quem.
1362 406 1551 446 interm-is.

86 470 224 512 Turio.
249 471 358 512 Flor.
385 487 408 511 a
434 487 493 525 pr.
514 486 571 510 m.
592 472 736 509 interit.
855 470 1014 525 offerat.
1068 469 1194 510 Amb.
1221 475 1259 512 1.
1288 471 1459 528 azferat.

85 543 178 579 etin
196 557 320 595 quem.
392 538 532 592 Camp.
566 541 695 578 autin
716 554 839 592 quem.
959 549 994 577 et
1021 554 1076 577 ex
1111 556 1200 594 qua.
1262 537 1399 580 Guelf.
1425 539 1549 582 Goth.

86 606 207 649 Voss.
230 624 341 649 omn.
365 611 495 647 omitt.
518 617 569 647 et.
665 608 758 651 verit}
786 606 937 646 habita.
999 605 1108 647 Flor.
1133 607 1172 647 h.
1200 623 1232 648 e.
1292 606 1434 662 Camp.
1466 622 1552 650 erat

86 676 124 715 Ιι.
243 679 330 731 quis
360 679 407 716 ei.
467 673 609 728 Camp.
641 676 729 729 quis
760 677 872 715 enim.
984 674 1217 731 praeficerit.
1276 675 1410 717 Turio.
1444 693 1467 717 a
1492 695 1552 732 pr.

86 759 145 784 m.
166 744 376 801 profuerit.
464 742 729 783 incredibilia.
773 742 842 783 Sic
864 745 985 782 etiam
1003 745 1113 783 Flor.
1201 746 1302 783 inter
1318 761 1371 786 se.
1409 743 1551 788 Turio.

84 811 194 853 Flor.
217 815 317 852 inter
342 829 434 853 sese,
551 822 743 866 coeperat.
801 809 942 852 Turio.
969 810 1078 852 Flor.
1109 810 1223 852 Alm.
1256 811 1395 867 Camp.
1418 813 1555 869 coepess

87 883 153 920 rit.
270 883 447 920 mutarit.
501 879 610 921 Flor.
638 895 661 918 a
678 896 738 933 pr.
762 896 819 919 m.
840 890 1021 920 mutaret.
1065 878 1181 920 Ajm.
1199 884 1378 922 mutavit.
1425 881 1550 923 Goth.

83 946 195 987 Jens.
220 948 374 988 etedd.
399 958 491 988 ante
514 947 646 989 Stoer.
667 950 890 988 mutaverit.
1004 948 1248 1002 procedente.
1300 948 1439 1003 Camp.
1459 968 1554 1005 pre-

84 1015 253 1056 cedente.
370 1020 565 1071 utrinque.
626 1016 765 1057 Turio.
784 1015 911 1068 Flor.,
940 1026 1110 1071 uterque
1132 1032 1154 1056 a
1172 1033 1232 1070 pr.
1253 1033 1308 1058 m.
1333 1029 1549 1075 utrumque.

65 1082 221 1124 Turio.
245 1100 267 1123 a
288 1100 366 1125 sec.
390 1100 446 1125 m.
472 1083 613 1138 Camp.
637 1096 816 1140 utraque,
870 1083 1007 1125 Guelf.
1029 1100 1152 1138 marg.
1174 1083 1299 1126 Basil.
1321 1089 1466 1144 utique.

82 1154 184 1207 ipsa.
247 1152 357 1193 Jens.
391 1162 431 1194 et
454 1154 546 1193 edd.
567 1162 660 1194 ante
681 1152 784 1194 Bad.
807 1155 994 1208 ipsarum.

679 1278 712 1319 C
744 1293 773 1318 A
808 1293 843 1318 Β.
902 1277 954 1318 V.

199 1357 236 1408 ξ.
271 1361 310 1397 1.
370 1374 485 1412 saepe
506 1357 655 1397 (lictum
681 1360 803 1397 etiam
828 1355 955 1397 Aan.
983 1362 1021 1397 1.
1055 1356 1166 1398 Flor.
1196 1372 1219 1397 a
1246 1374 1306 1412 pr.
1337 1374 1394 1400 m.
1427 1363 1550 1403 omit-

23 1422 32 1467 ,ζ
83 1431 190 1464 tunt.
304 1441 419 1480 saepe
448 1425 653 1465 dicendum
685 1424 812 1465 Aan.
845 1431 883 1466 2.
918 1441 998 1465 om.
1116 1436 1173 1464 est
1203 1442 1302 1467 cum.
1361 1426 1484 1470 Amb.
1511 1435 1549 1471 1.

31 1508 33 1530 a
84 1494 205 1532 inser.
229 1510 392 1549 quoque.
486 1497 605 1533 etiam
624 1510 709 1534 acc.
773 1492 910 1534 Guelf.
935 1504 969 1532 et
989 1509 1074 1534 acc.
1173 1499 1370 1537 accusari.
1421 1496 1549 1540 Amb.

32 1571 35 1578 “
84 1565 125 1601 2.
148 1565 365 1602 accusaris.
486 1579 566 1601 essc-
594 1564 685 1602 usit.
743 1559 870 1601 Aan.
905 1566 943 1601 1.
975 1579 1014 1602 u.
1052 1579 1081 1601 e.
1202 1561 1298 1602 Cum
1325 1567 1376 1603 sit
1406 1577 1550 1608 autem.

84 1626 220 1670 Guelf.
247 1645 327 1670 om.
355 1633 420 1671 sit.
482 1629 606 1672 Goth.
636 1647 670 1671 c.
701 1632 760 1669 sic
789 1640 929 1670 aurem.
1048 1633 1180 1671 tutius.
1244 1629 1380 1673 Guelfi
1412 1638 1549 1676 {otium

169 1698 354 1754 acfacil.
416 1699 542 1739 Aan.
569 1705 606 1739 1.
627 1697 737 1738 Flor.
761 1696 901 1751 Camp.
930 1697 1101 1755 autfaC.
1219 1716 1295 1754 quo
1324 1706 1551 1756 panciores.

81 1763 151 1805 Sic
183 1770 306 1805 etiam
325 1767 416 1808 Par.
441 1772 477 1808 5.
503 1766 616 1807 Sich:
641 1766 748 1821 quocl
763 1784 803 1821 p.
860 1766 952 1807 Par.
982 1771 1020 1807 1.
1041 1783 1115 1822 quo
1136 1766 1288 1808 scilicet
1304 1786 1347 1824 p.
1464 1782 1552 1811 ira-

82 1843 226 1874 cicitur.
288 1834 427 1875 Turio.
447 1850 470 1873 a
489 1851 549 1887 pr.
572 1851 628 1874 m.
650 1834 759 1874 Flor.
782 1845 990 1875 tractatus.

200 1903 236 1952 §.
269 1908 306 1942 2.
362 1902 536 1959 siser-te.
595 1900 731 1943 Guelf.
758 1902 968 1960 nisiforte.
1082 1906 1120 1943 si
1142 1915 1210 1943 aut
1232 1907 1266 1944 is
1291 1907 1344 1946 in.
1406 1906 1546 1949 Turio.

81 1967 191 2009 Flor.
213 1968 332 2010 Alm.
356 1973 392 2009 si
414 1981 542 2009 autem
565 1973 606 2010 in
630 1971 690 2010 his
712 1970 828 2025 quotz.
891 1969 1032 2026 Camp.
1056 1970 1190 2013 Guelf.
1213 1971 1338 2014 Goth.
1366 1976 1404 2013 si
1422 1986 1550 2015 autem

83 2039 119 2075 is
150 2039 205 2077 in.
265 2036 394 2078 Amb.
430 2043 466 2078 1.
498 2041 537 2077 si
564 2048 632 2077 aut
658 2040 701 2077 in
727 2040 786 2089 is,
838 2053 861 2078 a
885 2054 963 2079 sec.
994 2055 1051 2079 m.
1082 2042 1124 2079 in
1152 2040 1244 2084 his..
1285 2040 1414 2083 Aan.
1441 2049 1481 2083 2.
1513 2046 1552 2084 εἰ

22 2124 25 2125 ’
82 2116 210 2144 autem
238 2106 299 2144 his
317 2109 370 2146 in.
489 2123 613 2161 quem.
669 2107 794 2146 Amb.
810 2111 847 2145 1.
871 2105 1009 2146 Turio.
1041 2122 1062 2146 a
1082 2123 1142 2160 pr.
1165 2123 1219 2148 m.
1241 2109 1357 2163 quod,
1417 2121 1441 2149 a
1468 2115 1548 2153 sec:

23 2195 27 2209 η
79 2173 178 2228 quid
205 2189 299 2214 cum
323 2172 440 2214 Alm.
559 2173 747 2230 abfuisse.
790 2172 926 2214 Turio.
950 2174 1140 2230 affuisse.
1179 2174 1306 2216 Amb.
1321 2183 1360 2218 2.
1384 2179 1547 2235 ffuissc.

167 2241 380 2297 Inspectio.
441 2241 580 2281 Turio.
604 2244 645 2280 in
663 2243 802 2295 specie.
919 2245 1008 2297 ipsa
1029 2259 1143 2298 saepe
1161 2246 1293 2285 etiam.
1354 2245 1481 2289 Aan.
1506 2252 1546 2289 1.

82 2325 114 2350 e.
136 2311 162 2350 i.
186 2327 218 2350 s.
278 2309 390 2351 Jens.
411 2319 451 2350 et
471 2311 561 2350 edd.
581 2319 674 2350 aute
697 2309 829 2351 Stoer.
853 2326 940 2352 exc.
965 2310 1077 2352 Sich.
1108 2315 1135 2352 i.
1156 2328 1184 2350 e.
1204 2328 1237 2352 S.

661 2434 694 2477 C
729 2449 753 2475 A
789 2452 827 2476 ι’.
887 2434 973 2477 VI.

193 2516 231 2566 §.
266 2518 302 2555 1,
363 2525 432 2554 aut
454 2531 530 2554 non
551 2517 756 2570 rccipiunt.
820 2513 957 2556 Guelf.
990 2527 1058 2556 aut
1079 2518 1302 2571 respiciunt.
1353 2515 1480 2559 Amb.
1507 2525 1546 2560 2.

85 2581 250 2634 repiunt.
368 2580 539 2638 Offerre.
605 2582 745 2624 Turio.
789 2599 812 2623 a
846 2599 904 2637 pr.
936 2599 991 2624 m.
1035 2585 1215 2642 ‹ffirtutu
1341 2588 1424 2626 sine
1459 2586 1546 2628 illa.

29 2663 45 2689 η
83 2645 224 2690 Turio.
244 2646 384 2704 Camp.
411 2648 548 2694 Guelf.
569 2650 688 2694 Voss.
713 2657 751 2693 1.
788 2654 870 2692 sine
888 2651 985 2693 ulla·
1023 2670 1026 2674 ’
