1757 2979
374 139 427 178 acl
459 138 620 192 Quinlil.
652 138 781 180 Instit.
812 137 924 186 ᾸΊῙ,
958 141 1019 176 10.
1051 137 1080 189 ξ.
1105 142 1296 178 10-51,
1479 139 1559 176 447

228 253 264 304 §.
298 257 366 293 38.
389 248 656 292 :comlicndm
697 250 764 291 Sic
783 250 872 291 Par.
896 256 936 291 2.
996 248 1348 293 concidendafar.
1377 255 1414 288 1.
1438 254 1474 288 fi.

227 322 263 372 ξ.
296 325 361 361 39.
424 319 643 373 eloquenda.
691 318 780 360 Par.
804 325 842 359 1.
866 324 905 358 2.
930 322 967 359 6.
1000 316 1203 373 loquendo.
1291 317 1398 370 [Qui
1424 333 1556 371 porro.

114 386 278 427 Pottier.
311 396 353 426 ut
383 389 502 438 vulgo
525 388 588 424 cui
609 409 664 414 —
683 401 784 440 qno‚·
834 386 883 424 de
901 385 1043 426 Pariss.
1067 385 1180 425 codd.
1203 385 1322 425 nihil.
1373 384 1558 425 Obrech-

116 458 222 494 tiaua
242 457 455 507 scriptura,
497 467 621 506 quam
645 451 797 492 Buttm.
824 458 994 507 recepit,
1035 455 1138 493 mihi
1159 454 1322 508 quidem
1340 466 1421 490 non
1448 456 1560 490 satis*-

114 523 221 561 facit.
279 520 384 561 Nam
405 523 493 574 quis
515 521 680 558 tandem
703 530 760 560 est
777 523 871 570 ille,
914 536 992 575 quo
1013 522 1117 560 nihil
1139 536 1219 560 esse
1239 523 1382 558 melius
1402 518 1560 571 potest?

115 589 286 629 Videtur
319 603 398 627 esse
431 589 598 641 quilibet
634 597 815 626 veterum
882 587 943 628 At
977 589 1055 628 hoo
1095 589 1260 643 quidem
1287 590 1460 626 nimium
1489 595 1557 625 ost.

114 656 235 696 Porro
259 669 361 710 quae
381 656 508 692 forma
528 655 710 694 dicendi:
752 655 946 710 aliquis
976 659 1074 695 salis
1093 656 1182 696 cst?
1225 655 1401 694 Praestat
1421 653 1556 693 Turio.

114 732 154 762 et
182 723 289 762 Flor.
322 725 440 761 lectio
473 725 540 759 cui
569 745 625 751 —-
654 721 756 775 qnod
787 725 812 762 i.
847 739 881 762 e.
923 726 1011 776 quis
1055 725 1228 778 denique
1256 737 1339 761 non
1368 723 1485 760 debet
1516 736 1561 759 ea

113 794 265 829 ratione
296 798 504 829 contentus
537 804 643 835 esse,
679 790 787 842 quod
816 792 857 827 iu
885 792 1025 842 lingua
1059 801 1098 830 et
1123 793 1300 830 orafione
1318 792 1458 828 melius
1479 791 1561 826 fieri

112 873 193 896 non
217 866 344 910 potest
358 855 378 896 Ξ)
417 856 538 895 Unde
570 865 705 895 autem
727 858 860 895 credet
879 860 1021 896 melius
1045 861 1130 897 fieri
1148 874 1230 896 non
1250 873 1360 910 posse
1374 856 1394 897 Ξ)
1438 854 1562 908 Quod

110 939 229 963 nemo
250 924 381 962 adhuc
399 926 540 961 melius
562 924 686 975 fecit]

227 992 263 1041 §.
298 992 366 1030 40.
426 990 498 1029 ΑιΖ
518 991 603 1030 hoc.
647 989 736 1030 Par.
774 996 814 1031 1.
849 991 888 1031 2.
923 997 961 1030 6.
996 991 1137 1031 adhuc.
1234 991 1452 1045 loquamur.
1493 989 1561 1030 Sic

112 1057 197 1097 Par.
231 1063 269 1097 1.
301 1063 341 1097 6.
394 1057 587 1112 loquimur
606 1057 695 1098 Par.
716 1064 755 1098 2.
837 1059 961 1098 solum
983 1070 1063 1097 nat.
1106 1058 1174 1098 Sic
1192 1058 1283 1099 Par.
1309 1064 1347 1099 1.
1371 1065 1410 1099 2.
1436 1063 1475 1098 6.

224 1126 260 1177 §.
292 1125 360 1166 42.
419 1125 610 1165 (lucentcs.
652 1125 741 1166 Par.
768 1131 804 1166 1.
831 1133 869 1166 2.
893 1132 931 1167 6.
967 1127 1144 1165 dicentes.

223 1196 260 1246 ξ.
292 1195 359 1233 43.
417 1203 504 1231 sunt
525 1194 574 1231 ab
595 1193 679 1233 ead.
719 1193 787 1233 Sic
809 1193 898 1233 Par.
922 1200 960 1234 1.
986 1200 1025 1234 2.

225 1262 261 1310 §.
292 1262 360 1300 44.
420 1271 589 1300 servani.
630 1260 721 1300 Par.
747 1267 784 1301 1.
812 1266 850 1301 2.
869 1261 1040 1301 salvant.
1128 1272 1208 1301 nat.
1230 1261 1327 1317 eloq.
1378 1260 1445 1301 Sic-
1468 1261 1557 1300 Par.

114 1334 148 1368 1.
185 1334 224 1369 2.

222 1396 258 1447 §.
291 1396 359 1435 45.
419 1412 437 1448 ς
475 1397 603 1433 cetius.
643 1394 710 1435 Sic
733 1395 823 1436 Par.
846 1402 886 1436 2.
907 1412 986 1436 sec.
1010 1411 1063 1435 m.
1105 1397 1312 1451 qff'ectibus
1332 1395 1424 1436 Par.
1450 1402 1488 1436 1.

109 1465 254 1503 omnin.
299 1462 391 1502 Par.
416 1468 454 1502 1.
475 1468 516 1502 2.
549 1466 732 1503 omnium.

221 1534 257 1584 §.
286 1531 353 1569 46.
414 1532 450 1568 si
479 1546 555 1569 non
584 1531 734 1570 crebra.
784 1530 852 1571 Sic
885 1529 972 1572 Par.
1001 1536 1039 1570 1.
1063 1536 1105 1571 2.
1201 1542 1236 1570 ct
1270 1533 1444 1572 invicem.
1492 1531 1559 1572 Sic

109 1598 198 1638 Par.
230 1603 268 1637 1.
292 1603 330 1638 2.

222 1668 257 1715 §.
289 1665 358 1705 47.
392 1681 463 1702 -ne
489 1665 609 1704 Ῐιίνὶσ.
660 1663 750 1705 Par.
789 1670 827 1705 1.
865 1683 910 1704 ne
939 1669 1069 1719 nigra.
1122 1665 1213 1706 Par.
1245 1672 1285 1706 2.
1324 1682 1401 1706 sec.
1428 1682 1482 1706 m.
1514 1685 1558 1706 nc

108 1749 259 1773 crassa.
348 1748 424 1772 non
442 1735 583 1771 serica.
625 1731 716 1772 I‘ar.
746 1738 781 1772 l.
808 1738 847 1773 2.
870 1744 911 1772 ut
932 1751 966 1772 n.
985 1751 1021 1773 s.
1106 1751 1183 1774 non
1204 1737 1243 1773 itt
1261 1752 1325 1787 gr.
1377 1734 1444 1775 Sic
1464 1735 1554 1775 Par.

110 1806 148 1840 1.
173 1806 212 1840 2.
311 1816 397 1839 cum
417 1817 459 1839 eo
481 1800 605 1855 quod,
637 1803 686 1840 si.
734 1799 802 1840 Sic
824 1800 915 1842 Par.
940 1806 978 1842 1.
1002 1807 1041 1841 2.
1131 1803 1292 1860 referat.
1337 1803 1430 1844 Par.
1458 1809 1494 1843 1.
1515 1810 1554 1844 2.

109 1867 271 1924 referas.
450 1868 455 1876 “
1120 1899 1125 1903 1

221 1938 257 1988 §.
285 1937 354 1975 48.
415 1933 516 1989 quod
534 1945 651 1974 veter.
693 1933 760 1974 Sic
780 1934 871 1975 Par.
895 1941 955 1983 1.,
997 1938 1066 1976 sed
1087 1936 1177 1977 Par.
1201 1944 1239 1978 2.
1259 1953 1340 1979 om.
1365 1938 1482 1992 quod.

111 2002 238 2043 Cicer.
261 2020 316 2042 en.
355 2001 424 2042 Sic
444 2002 534 2042 Par.
561 2007 597 2041 1.
617 2008 656 2042 2.
745 2002 835 2041 dum
869 2019 947 2041 rem
977 2007 1210 2044 contineant.
1256 2005 1555 2058 [Buttmannus

107 2074 150 2109 in
173 2073 297 2125 praef.
317 2070 415 2110 Vol.
434 2068 500 2110 IV
517 2085 556 2123 p.
574 2067 705 2109 XVII
725 2069 816 2108 dum
836 2086 875 2108 rc
894 2073 1312 2122 contineantur-voluit,
1341 2074 1553 2114 Heindorf.

108 2140 250 2178 eodem
277 2141 365 2178 loco
397 2138 487 2177 (lum
520 2154 598 2176 rem
621 2138 886 2190 contingant]
973 2138 1226 2179 delectatione
1244 2142 1368 2180 edidit
1389 2141 1551 2183 Pottier.

63 2232 68 2243 .
107 2207 156 2245 de
179 2209 420 2258 conjectura,
453 2215 493 2245 at
515 2204 605 2245 Par.
622 2210 668 2244 =1.
693 2210 734 2244 2.
753 2204 974 2258 dejectione.

221 2276 258 2325 §.
291 2280 358 2314 50.
405 2277 598 2328 -impctztm
614 2289 739 2327 posse.
776 2275 862 2313 Par.
887 2279 924 2314 1.
945 2279 984 2314 2.
1016 2289 1095 2315 om.
1126 2291 1261 2330 posse,
1293 2280 1391 2317 item
1411 2277 1551 2331 Camp.

106 2339 215 2397 quod
248 2352 441 2382 annotare
468 2345 602 2381 omisit
630 2339 840 2393 Spalding.
872 2351 916 2381 ut
943 2345 1023 2394 jam
1052 2344 1208 2383 facilius
1228 2346 1411 2385 videatur
1430 2350 1553 2385 corri-

106 2425 196 2462 gere
219 2412 392 2464 z'mpems,
424 2425 547 2465 quam
564 2413 765 2461 integrum
784 2412 951 2448 verbum
974 2419 1111 2450 contra
1133 2413 1252 2451 libros
1274 2428 1365 2453 mss.
1391 2415 1550 2454 addere.

219 2480 252 2530 §.
283 2484 349 2519 51.
410 2488 451 2516 ut
471 2476 613 2516 similes
632 2493 680 2516 ac
701 2475 854 2527 mullos.
895 2476 962 2517 Sic
976 2480 1096 2517 etiam
1114 2478 1205 2519 Par.
1230 2485 1266 2518 1.
1288 2486 1328 2520 2.
1408 2485 1549 2536 aplius.

106 2544 195 2584 Par.
213 2551 249 2585 1.
263 2552 302 2586 2.
324 2545 456 2585 altius.
537 2544 665 2584 nullas
685 2561 772 2584 non.
803 2543 870 2584 Sic
881 2544 970 2585 Par.
984 2551 1022 2585 2.
1036 2560 1180 2586 εει-ΛΠ.
1227 2564 1301 2586 non
1323 2547 1414 2588 illas
1437 2549 1549 2589 modo

105 2611 194 2652 Par.
222 2619 258 2653 1.
283 2620 321 2654 2.
406 2616 497 2654 virt.
521 2613 610 2653 dico
632 2627 705 2653 non
723 2615 790 2651 vit.
831 2610 899 2653 Sic
917 2611 1007 2654 Par.
1033 2618 1069 2653 1.
1090 2619 1129 2653 2.
