1721 2974
193 185 276 222 210
645 179 916 234 supplementa
944 181 1207 220 annotationis

197 297 286 334 item
312 294 378 349 qui
407 292 456 333 ab
487 307 542 332 eo.
655 293 746 346 quia
774 306 851 330 non
880 301 949 332 est.
1008 291 1150 333 Turio.
1181 290 1307 332 Amb.
1335 297 1374 334 2.
1398 291 1524 336 ‘Bm-n.
1558 311 1637 349 qua

196 378 272 401 non
300 372 368 401 est.
429 359 560 401 Guelf.
597 362 662 414 qui
689 374 774 398 non·
832 356 973 413 Camp.
1016 362 1082 414 qui
1117 376 1194 399 non
1229 370 1296 399 est.
1417 370 1476 399 ‘cst
1516 361 1637 402 habit.

195 427 303 470 Sich.
343 429 463 469 habit.
491 436 558 466 esi.

280 498 315 549 ᾗ.
336 499 401 536 94.
449 494 771 549 superstitionum.
819 489 958 532 Turio.
977 489 1090 532 Alm.
1114 495 1443 547 supersticiorum.
1487 492 1640 535 Cervic-

195 567 467 618 suspicionum.
573 559 799 616 facilitate.
855 559 992 600 Turio.
1022 558 1128 600 Flor.
1155 559 1270 601 Alm.
1297 560 1425 602 Amb.
1453 566 1491 603 2.
1521 559 1640 602 Voss.

198 638 236 672 3.
266 630 385 671 Bern.
414 628 629 684 felicitate.
751 629 989 668 narratione.
1042 627 1186 680 Camp.
1215 629 1519 668 narrationibus.

198 700 449 739 consentiant.
507 694 644 735 Turio.
674 693 794 747 Flor.,
822 703 989 750 uterque
1019 709 1041 733 a
1068 710 1126 748 pr.
1158 709 1212 733 ln.
1243 692 1365 735 Amb.
1393 701 1432 737 2.
1461 695 1580 737 Voss.
1601 699 1640 735 3.

199 775 239 806 et
268 766 356 804 edd.
392 777 414 801 a
442 762 547 802 Jeus.
581 762 631 801 ad
658 760 809 802 Cel-vic.
849 764 1099 801 consentiunt.

309 833 344 881 §.
378 835 442 871 95.
511 846 537 869 a
573 829 704 870 divite.
772 828 910 869 Turio.
949 844 971 868 a
1010 846 1068 883 pr.
1105 844 1160 870 m.
1208 828 1390 884 adjuvite,
1419 844 1442 868 a
1473 844 1552 869 seo.
1585 843 1642 869 m.

198 900 360 953 adjuvit.
482 897 567 936 idco
598 895 719 936 illum.
779 895 896 936 Voss.
929 901 964 936 1.
993 901 1031 936 3.
1070 896 1156 935 ideo
1185 896 1322 937 solum.
1379 897 1522 950 Camp.
1563 911 1644 936 om.

198 967 321 1006 illurn.
434 968 561 1004 innoc.
591 973 649 1002 ier
679 961 807 1002 abdic.
865 962 1001 1003 Turio.
1034 973 1074 1004 et
1102 963 1207 1004 Flor.
1245 967 1416 1003 alterum
1447 974 1505 1002 ter
1541 964 1642 1014 adji-

199 1037 311 1073 ciunt
331 1041 422 1072 ante
454 1033 578 1070 innoc.
609 1045 702 1070 cum
730 1030 873 1084 Camp.
898 1030 1023 1071 Amb.
1044 1036 1079 1071 1.
1110 1041 1168 1070 ier·
1194 1031 1319 1072 innoc.
1349 1031 1477 1071 abdic.
1523 1030 1643 1071 Voss.

204 1107 240 1141 1.
273 1106 310 1140 3.
349 1102 477 1139 innoc.
509 1101 563 1137 rei
592 1098 721 1138 abdic.
777 1097 877 1137 Bad.
911 1100 1038 1137 innoc.
1068 1109 1126 1136 ier
1155 1098 1366 1138 abdicavit.

310 1168 342 1219 §.
375 1172 440 1208 96.
508 1165 695 1205 omnibus.
750 1163 874 1204 Aan.
909 1170 946 1205 1.
1002 1166 1042 1203 in
1080 1166 1265 1205 omnihus.
1387 1174 1500 1218 atque
1530 1162 1643 1204 hunc.

202 1231 323 1274 Goth.
363 1244 397 1272 ct
439 1232 552 1274 hunc.
663 1232 888 1286 periculose.
946 1231 1072 1273 Amb.
1101 1239 1138 1277 2.
1174 1231 1292 1273 Voss.
1324 1238 1361 1272 1.
1387 1236 1426 1272 3.
1458 1229 1646 1285 periculo.

313 1311 392 1340 iam
423 1303 535 1340 inuis.
594 1298 726 1340 Guelf.
758 1310 839 1338 ium
867 1301 944 1339 inv.

316 1370 349 1419 §.
381 1373 445 1409 97.
504 1369 790 1406 controversiis.
848 1363 985 1406 Tufic.
1023 1381 1045 1405 a
1077 1382 1133 1419 pr.
1163 1381 1219 1407 m.
1254 1365 1384 1406 Amb.
1413 1372 1451 1407 2.
1489 1375 1647 1405 confro-

200 1438 335 1475 versis.
439 1445 599 1489 utraque
615 1451 723 1489 pars.
780 1432 899 1475 Goth.
923 1449 1016 1474 cum
1036 1435 1126 1474 edd.
1150 1443 1242 1474 ante
1263 1433 1391 1474 Stoer.
1412 1436 1526 1484 meis,
1557 1447 1645 1472 exo.

203 1501 372 1555 Camp.,
404 1503 541 1541 ordine
568 1512 733 1541 mutato.
850 1518 933 1540 eum
959 1518 1033 1555 pro
1063 1518 1116 1541 se.
1177 1500 1301 1542 Goth.
1334 1517 1419 1540 cum
1443 1517 1482 1555 p.
1505 1516 1537 1540 ε.

202 1586 380 1623 quaeque.
436 1568 504 1608 Sic
535 1572 655 1607 etiam
697 1568 821 1608 Amb.
855 1574 892 1608 1.
928 1567 1034 1608 Flor.
1067 1584 1090 1607 a
1123 1584 1184 1621 pr.
1215 1584 1269 1608 m.
1337 1568 1445 1620 [Non
1481 1569 1648 1607 debebat

202 1635 458 1689 Spaldingius
489 1637 691 1684 dubitare,
736 1639 833 1690 quin
863 1644 1001 1675 auctor
1035 1638 1077 1674 in
1119 1651 1165 1674 ea
1196 1639 1394 1675 sententia
1421 1637 1563 1684 fuerit,
1601 1643 1648 1674 ut

201 1703 280 1742 hoc
308 1706 350 1741 in
380 1705 465 1741 foro
494 1717 576 1741 non
606 1712 843 1742 eventurum
869 1711 1040 1756 putaret.
1096 1701 1189 1743 Non
1207 1705 1424 1741 minimum
1445 1704 1540 1742 facit
1559 1717 1649 1742 ver-

203 1772 346 1809 borum
373 1769 612 1821 collocatio]
1212 1770 1214 1772 ’

316 1840 352 1886 §.
386 1841 454 1878 98.
512 1853 553 1875 sc
580 1836 626 1874 cle
645 1847 793 1890 stupro.
841 1833 976 1877 Guelf.
997 1850 1078 1876 om.
1108 1851 1162 1876 se.
1257 1837 1454 1890 privigno.
1507 1833 1648 1887 Camp-

201 1906 429 1958 pracvigno.
546 1915 682 1943 contra
700 1903 833 1958 filius.
890 1902 1030 1956 Camp.
1063 1905 1245 1942 ordinem
1270 1905 1456 1942 mutavit.
1560 1913 1651 1941 tan-

205 1981 300 2010 tum.
359 1972 496 2010 Guelf.
527 1980 668 2010 tamen.
783 1988 831 2011 ac
861 1970 962 2011 loco.
1022 1969 1146 2011 Goth.
1178 1980 1213 2008 et
1243 1968 1344 2010 loco.
1407 1969 1494 2010 loco
1520 1980 1650 2024 pater.

204 2036 310 2077 Edd-
355 2047 446 2077 ante
486 2036 668 2092 Gryph.‚
707 2052 796 2078 exc.
839 2037 1007 2092 Camp.,
1053 2040 1194 2077 inserr.
1242 2039 1348 2092 quia.
1488 2039 1650 2078 invenit.

205 2103 333 2144 Amb.
371 2110 408 2144 1.
446 2104 553 2144 Flor.
592 2119 614 2143 a
643 2121 703 2158 pr.
736 2121 792 2144 m.
832 2108 1040 2145 inventum.
1107 2107 1244 2144 Turio.
1278 2118 1302 2143 a
1328 2119 1389 2156 pr.
1418 2117 1475 2144 m.
1517 2106 1652 2144 inven-

206 2181 302 2211 tam.
361 2170 558 2225 [Fortasse
597 2174 762 2221 invenit,
801 2183 882 2211 ium
909 2171 1193 2224 scribendum]
1304 2173 1345 2210 in
1374 2186 1432 2212 eo.
1488 2169 1598 2212 Flor.
1628 2187 1652 2213 a

207 2253 269 2290 pr.
298 2253 355 2277 m.
395 2248 431 2276 et
461 2240 500 2277 in
533 2255 590 2279 eo·
705 2256 783 2293 qua
821 2250 985 2280 tacente.
1041 2238 1152 2280 Jens.
1192 2239 1287 2294 quia
1315 2247 1346 2278 t.
1467 2254 1651 2280 noverca.

207 2303 315 2344 Flor.
346 2319 370 2344 a
399 2320 461 2358 pr.
489 2320 546 2346 m.
586 2308 784 2346 noverica.

323 2372 362 2421 §.
392 2376 460 2412 99.
517 2382 646 2412 tamen
680 2374 798 2412 etiam
834 2388 936 2413 com0
997 2369 1122 2413 Goth.
1158 2371 1250 2413 Par.
1283 2375 1321 2411 1.
1357 2375 1398 2412 2.
1427 2385 1521 2410 culn
1555 2372 1650 2412 edd.

211 2445 303 2476 ante
334 2436 506 2491 Gryph.‚
535 2455 626 2480 exc.
658 2438 814 2494 Camp„
847 2451 877 2480 t.
908 2442 1039 2481 omnia
1067 2455 1168 2480 com.
1228 2435 1352 2478 Goth.
1383 2435 1523 2493 Camp.
1559 2455 1653 2480 cum

211 2505 321 2544 libris
348 2519 412 2557 ap.
442 2505 585 2546 Burm.
625 2515 655 2546 t.
685 2517 735 2547 et.
767 2509 899 2547 omnia
929 2523 1029 2547 com.
1089 2505 1181 2547 Bal.
1214 2506 1329 2543 etiam
1354 2508 1484 2545 omnia
1512 2521 1652 2547 comm.

212 2582 306 2607 cum
334 2572 426 2611 edd.
457 2586 479 2611 a
499 2571 656 2628 Gryph.
685 2574 780 2613 inde
810 2584 901 2615 ante
925 2573 1069 2617 Burm.
1173 2571 1413 2628 repudiatae.
1463 2571 1590 2616 Amb.
1608 2579 1652 2616 2·

213 2635 425 2689 repudiate.
480 2638 599 2682 Voss.
621 2646 660 2682 1.
691 2640 911 2697 repudiare.
