1721 2974
278 154 332 195 aa
362 153 524 207 Quintil.
556 152 674 194 Instat
717 152 776 203 Π,
812 157 877 194 12.
907 154 943 205 §·
967 155 1135 193 3—12.
1198 156 1263 194 13.
1298 153 1498 203 §.1-5,
1560 162 1615 199 93

276 271 312 322 ᾧ.
338 275 404 309 10.
461 268 551 307 Jam
572 266 708 307 collicl.
768 265 878 306 Nam
898 264 989 306 coll.
1011 263 1135 305 Amb.
1161 270 1200 305 1.
1228 280 1324 319 apr.
1346 281 1402 308 m.
1463 267 1616 322 [Adde

162 336 213 375 ad
242 353 328 376 rem
350 336 635 390 explicandam
652 337 777 388 praef.
806 334 903 375 Vol.
925 332 947 373 Ῑ
975 347 1016 388 p.
1036 331 1310 385 LXXXIII]
1408 335 1462 373 atl
1480 336 1617 390 pulla-

161 414 255 443 mm.
315 403 556 459 appellatum
585 401 723 443 Turio.
758 401 900 456 Camp.
1013 403 1196 452 variare,
1226 400 1443 456 disponere.
1503 405 1618 445 Haeo

159 486 242 512 om.
271 469 399 512 Amb.
424 475 461 510 1.
494 485 517 510 a
545 485 605 524 pr.
636 485 691 509 m.
809 468 948 510 colori.
1009 468 1176 509 colorem
1206 468 1342 510 Turia.
1363 469 1480 511 AJm.
1504 470 1615 514 Flor.

160 537 302 593 Camp.
318 571 329 590 ‚
371 555 392 578 e
417 539 561 592 reliqq.
583 539 713 588 solus,
750 547 950 592 quantum
967 538 1108 587 video,
1139 535 1239 578 Loc.
1354 539 1407 577 sit
1421 541 1618 579 omittunt

158 610 284 646 etiam
312 606 451 646 TurIG.
487 605 595 645 Flor.
635 603 763 645 Amb.
796 611 836 646 2.
878 605 948 647 (et
975 605 1100 647 Paris.
1131 610 1169 646 1.
1204 611 1245 647 2.
1277 608 1316 647 5.
1359 603 1503 661 Camp.
1537 621 1616 647 no-

159 683 270 714 tante
298 671 535 726 Pottierio.)

275 742 313 792 §.
348 746 414 781 11.
475 751 512 779 et
538 743 702 794 ineptos.
763 751 800 779 et
837 742 966 781 omitt.
1009 740 1146 781 Turic.
1185 739 1295 782 Flor.
1326 739 1444 781 Alm.
1475 744 1616 784 Guelf.

157 808 285 850 Amb.
311 814 351 849 2.
381 807 500 848 Voss.
530 812 568 848 1.
589 813 630 848 2.
663 805 788 847 Goth.
830 807 971 862 Camp.
1005 811 1112 849 Jens.
1144 817 1184 849 et
1211 817 1312 862 post·
1341 818 1433 849 ante
1455 807 1614 864 Gryph.

159 876 299 930 [Vide
329 875 539 929 SpaldIng.
572 878 616 914 in
643 877 810 929 praefat.
842 875 940 916 Vol.
970 873 991 916 I
1020 893 1058 930 p.
1083 873 1364 927 LXXXIH.]
1479 877 1618 932 appel-

156 944 249 984 lent.
311 942 514 998 appellant
551 941 678 982 Amb.
711 948 753 983 2.
789 952 828 984 et
858 944 950 984 edd.
983 942 1095 986 Gibs.
1130 944 1258 999 Obr.;
1299 954 1503 998 {eceptam
1524 954 1617 986 tue-

156 1021 222 1052 tur
250 1020 409 1065 praeter
437 1013 536 1050 ahos
565 1009 693 1050 Aan.
717 1015 754 1050 1.

270 1081 307 1131 ᾗ.
342 1084 407 1119 12.
460 1081 548 1132 jam
573 1078 743 1134 pridem.
802 1076 1059 1133 Astipulatur
1075 1077 1202 1120 Amb.
1229 1085 1295 1131 1.;
1337 1082 1475 1134 etjam
1492 1080 1617 1123 habet

157 1147 325 1201 Camp.,
372 1161 468 1186 cum
497 1148 584 1186 aliis
615 1147 706 1186 edd.
738 1156 834 1188 vett.
893 1150 1010 1187 etiam
1049 1146 1174 1189 Paris.
1206 1155 1243 1187 1.
1276 1153 1316 1189 2.
1344 1152 1384 1188 3.
1497 1161 1617 1204 puta-

156 1216 304 1255 bamus.
361 1225 545 1270 putamus
572 1212 714 1255 Turio.
830 1215 1075 1271 inquirendo.
1123 1219 1165 1256 in
1186 1215 1406 1270 quaerendo
1428 1219 1550 1257 Amb.
1577 1223 1614 1259 1.

695 1338 727 1381 c
757 1353 787 1380 A
818 1356 858 1382 r.
918 1307 1077 1381 xnl'.

269 1421 305 1470 §.
340 1426 377 1458 1.
439 1419 689 1460 constrictas.
750 1421 996 1474 conscriptas
1024 1418 1150 1460 Paris.
1174 1424 1215 1461 2.
1236 1423 1274 1460 3.
1304 1418 1414 1460 Jens.
1444 1429 1484 1461 et
1512 1431 1614 1475 post.

155 1496 249 1527 ante
267 1486 380 1528 Sich.
396 1519 407 1538 ‚
443 1501 530 1527 exo.
550 1485 653 1527 Ald.
712 1497 960 1527 constructas
980 1485 1108 1528 Paris.
1131 1492 1169 1527 1.
1233 1490 1468 1528 constrictas
1488 1487 1614 1531 Paris.

154 1559 193 1597 5.
310 1554 402 1594 huic
431 1557 627 1595 narratio.
687 1554 780 1594 huic
809 1570 890 1595 om.
923 1554 1066 1609 Camp.
1128 1556 1233 1595 ratio
1272 1553 1412 1596 Turio.
1444 1555 1554 1597 Flor.
1590 1573 1616 1597 a

151 1640 211 1678 pr.
242 1638 298 1662 m.
328 1622 444 1662 Alm.
560 1633 642 1661 tum
668 1633 762 1662 cert.
819 1634 912 1663 tunc
938 1639 977 1663 ⁴c.
1017 1622 1147 1664 Aan.
1179 1628 1217 1664 1.
1334 1623 1495 1678 quidam
1524 1635 1617 1664 tan-

152 1708 272 1747 quam
292 1693 407 1745 jussi.
505 1689 614 1729 Flor.
645 1707 682 1745 q.
709 1701 859 1730 tantum
882 1694 944 1746 j.‚·
1009 1702 1163 1731 tantum
1191 1702 1376 1746 quantum
1407 1695 1465 1746 j.,
1506 1693 1617 1748 quod

148 1761 275 1799 habet
303 1758 468 1808 Turic.,
511 1768 736 1811 agnoscunt
764 1761 887 1799 etiam
916 1757 1037 1799 Bodl.
1070 1757 1187 1800 Alm.
1228 1759 1331 1801 Obr.
1361 1762 1454 1801 fort.
1484 1760 1614 1803 Amb.

152 1833 191 1869 1.
250 1829 310 1867 sic
338 1836 429 1880 post
452 1828 556 1882 jussi
583 1828 660 1866 ins.
691 1829 816 1867 etiam
844 1825 953 1868 Flor.
984 1825 1112 1868 Amb.
1138 1833 1176 1868 1.
1209 1826 1353 1882 Camp.

265 1896 302 1945 §.
333 1900 374 1934 2.
434 1911 510 1935 uno
540 1906 579 1934 et
604 1890 728 1936 Brevi.
787 1906 825 1933 et
855 1909 936 1935 om.
968 1898 1091 1935 etiam
1118 1894 1228 1936 Jens.
1261 1905 1302 1936 et
1326 1895 1451 1937 Paris.
1472 1902 1515 1938 2.

149 1978 281 2003 occas,
311 1978 453 2001 nece-3⁸.
515 1980 598 2004 nec.
643 1980 729 2004 occ.
771 1961 883 2003 Jens.
915 1972 957 2003 et
985 1973 1088 2017 post.
1119 1973 1214 2004 ante
1244 1961 1429 2019 Gryph.,
1478 1967 1616 2006 nescio

149 2045 232 2086 quo
264 2029 354 2069 cod.
389 2038 566 2070 auctore.
682 2030 770 2071 ideo
806 2046 887 2071 om.
919 2030 1059 2072 Turio.

227 2145 234 2149 μ
264 2098 302 2148 §.
337 2101 376 2136 3.
439 2097 546 2150 Quid
575 2101 676 2138 enim
701 2101 750 2139 si.
815 2099 959 2151 Quid?
996 2102 1032 2139 si
1047 2115 1183 2154 praec.
1207 2101 1308 2139 enim
1339 2098 1481 2154 Camp.
1526 2099 1618 2140 Re-

145 2168 251 2222 liqui
288 2168 482 2217 silentur,
530 2175 571 2206 et
601 2168 764 2216 favent,
813 2169 858 2205 ni
896 2168 926 2207 f.
941 2198 954 2218 ‚
1004 2170 1224 2221 scripturae
1261 2166 1406 2208 Burm.
1439 2177 1480 2208 et
1509 2167 1613 2209 Obr.

150 2233 257 2287 Quid
292 2236 329 2273 si
369 2236 470 2272 enim
503 2250 569 2288 pr.
687 2236 865 2274 instruet.
924 2237 1096 2274 instruat
1124 2233 1252 2275 Amb.
1286 2240 1323 2275 1.
1357 2234 1491 2276 Guelf.
1551 2239 1616 2276 in·-

145 2312 312 2342 strueret
341 2300 462 2341 Voss.
492 2306 529 2342 1.
567 2307 604 2342 3.
666 2304 826 2341 instruit
854 2300 968 2342 Sich.
1070 2301 1271 2358 fortasse.
1325 2302 1444 2360 forte
1483 2303 1613 2344 Amb.

148 2375 188 2411 1.
286 2371 323 2409 si
340 2369 519 2410 collibus.
567 2371 604 2408 si
623 2384 704 2409 om.
726 2368 866 2410 Turio.
885 2368 994 2410 Flor.
1017 2368 1133 2409 Alm.
1155 2369 1276 2411 Voss.
1298 2386 1452 2424 omnes,
1474 2370 1612 2413 Guelf-

147 2435 273 2479 Goth.
314 2436 457 2492 Cmnp.
487 2436 597 2478 JenS.
629 2446 669 2477 et
696 2446 797 2490 post.
835 2445 930 2477 ante
969 2436 1102 2479 Colin.
1119 2469 1131 2488 ‚
1184 2452 1272 2479 exc.
1309 2437 1412 2480 AJd.
1473 2437 1611 2481 Guelf.

146 2508 277 2546 omitt.
309 2509 430 2546 etiam
459 2508 632 2546 alterum
662 2508 719 2555 si,
765 2514 858 2545 ante
887 2522 999 2545 mons
1027 2508 1216 2559 positum.

262 2575 300 2624 §.
337 2578 375 2615 5.
423 2573 545 2630 fisa.
606 2573 759 2630 dffcsa
794 2573 905 2614 Jens.
944 2570 1044 2615 Loc.
1074 2572 1178 2616 Bad.
1212 2572 1329 2618 Cerv.
1359 2590 1455 2616 cum
1484 2573 1610 2617 Goth.

145 2649 185 2682 et
220 2644 336 2684 Voss.
379 2657 533 2683 01m1es.
