1721 2974
337 171 390 211 cul
409 168 572 224 Quintil.
599 169 729 209 Inslil.
757 167 810 217 Π,
835 174 873 208 7.
897 170 933 220 §.
960 173 996 207 5.
1048 173 1086 207 S.
1108 170 1143 218 ᾧ.
1172 173 1334 208 1--15.
1507 174 1558 208 87

220 287 256 337 §.
291 291 329 325 9.
390 295 429 323 ut
446 284 635 339 plerique.
684 285 741 322 uti
756 281 811 337 pl.
833 280 957 322 Anlb.
985 285 1021 321 1.
1044 296 1065 320 a
1084 295 1162 321 Sec.
1183 295 1238 320 ln.
1356 292 1456 319 certe
1477 297 1559 319 cnm

105 355 288 393 inserunt
317 355 439 392 etlam
468 350 575 391 Flor.
602 349 743 403 Camp.

218 423 255 473 §.
292 426 357 460 10.
410 418 685 470 .clete1·cndum,·
715 422 769 458 ita
791 421 913 457 etiam
933 415 1059 456 Amb.
1090 421 1126 456 1.
1150 431 1171 454 a
1186 431 1263 455 sec.
1284 430 1356 465 ιιι,
1390 423 1428 453 et
1451 416 1560 454 haud

105 490 226 527 dubie
254 487 406 527 Turio..
466 485 734 524 deterrendum
760 484 869 525 Flor.
899 500 921 524 a
941 500 999 538 pr.
1022 499 1077 524 m.
1108 482 1250 536 Calnp.
1312 482 1560 522 deserendam

102 555 230 595 Amb.
255 560 292 595 1.
325 570 348 593 a
366 570 426 608 pr.
447 569 503 594 m.
533 552 662 594 Amb.
685 560 724 593 2.
753 553 878 593 Paris.
901 559 940 593 2.
964 556 1002 593 5.
1038 566 1130 591 cum
1164 552 1253 590 edd.
1285 559 1377 590 ante
1399 549 1501 590 Obr.

101 621 365 661 disserendum
392 624 517 662 Paris.
554 626 591 661 1.
622 627 661 662 3.
780 620 944 673 augend.
977 619 1279 673 addendumque.
1340 617 1434 657 add.
1467 633 1556 670 aug.

100 707 175 744 quc
194 687 330 730 Guelf.
447 691 643 742 ingenium
662 688 815 729 habent
835 691 959 730 etiam
978 687 1009 728 F
1011 690 1085 728 lor.
1106 702 1130 726 a
1150 703 1209 741 pr.
1233 701 1288 725 m.
1310 685 1431 726 Tarv.
1453 684 1555 725 Bad.

101 757 224 798 Paris.
248 761 286 798 5.

213 826 247 877 §.
283 828 348 864 11.
409 822 509 863 clar.
532 822 612 865 ille.
670 823 737 863 ille
757 823 858 864 clar.
881 822 1022 877 Camp.
1135 833 1381 878 praeceptor.
1440 838 1559 876 prac-

101 903 300 946 ‹·cptorum
329 889 456 931 Amb.
481 895 518 930 1.
555 908 577 930 a
597 907 675 932 sec.
700 907 756 931 m.
787 889 900 931 Ahn.
935 891 1036 932 Obr.
1068 889 1148 946 (ex
1166 889 1365 943 Argent.,
1401 892 1445 927 ni
1474 888 1557 942 f.)‚

100 960 213 999 haud
233 961 355 1000 dubie
375 962 498 998 etiam
522 958 660 999 Turic.
676 991 686 1010 ‚
721 962 794 999 etsi
818 968 984 999 tacetur.
1102 958 1311 997 Isocrates.
1371 956 1560 996 Socrates

101 1027 238 1068 Turic.
274 1043 298 1067 a
328 1043 406 1067 sec.
439 1042 496 1067 m.
541 1025 676 1068 Guelf.
709 1025 852 1080 Camp.
976 1030 1017 1066 in
1047 1026 1117 1066 illo
1143 1042 1276 1083 paene.
1342 1022 1405 1064 Ita
1436 1026 1558 1063 etiam

100 1094 228 1135 Amb.
253 1100 290 1135 1.
350 1094 519 1149 Reliqui
539 1097 731 1145 silentur,
761 1098 839 1134 nisi
860 1096 969 1149 quod
997 1093 1125 1134 Amb.
1150 1101 1189 1134 2.
1221 1095 1369 1132 omittit
1399 1091 1559 1130 lentior-e

99 1174 128 1204 i,
151 1180 187 1202 a.
210 1166 237 1202 i.
259 1162 329 1201 illo
344 1195 355 1214 ,
395 1165 513 1202 solita
531 1165 793 1202 aberratione.
907 1162 1027 1216 plane
1043 1179 1176 1216 praec.
1197 1161 1334 1201 Turic.
1361 1175 1383 1199 a
1400 1175 1478 1199 sec.
1498 1175 1555 1197 m.

101 1230 234 1282 (prius
255 1239 339 1270 erat
369 1229 495 1284 pane)
528 1229 669 1284 Camp.
698 1229 832 1271 Andr.
854 1229 956 1270 Obr.
1013 1247 1134 1285 poene=
1151 1227 1279 1269 Amb.
1304 1233 1342 1268 1.
1456 1225 1558 1266 alte-

104 1314 186 1336 rum
213 1297 388 1337 ulterius.
449 1296 611 1337 alterius
635 1297 800 1336 alterum
833 1296 974 1350 Camp.
1534 1315 1536 1320 ’

214 1366 251 1414 §.
284 1370 350 1405 12.
409 1364 674 1404 Imbecillibus
698 1367 820 1404 etiam
836 1364 945 1404 Flor.
966 1363 1093 1404 Amb.
1116 1368 1154 1404 1.
1180 1379 1203 1403 a
1220 1379 1298 1404 sec.
1318 1378 1374 1404 m.
1400 1361 1492 1402 Par.
1516 1364 1555 1402 5.

103 1433 272 1486 Camp.;
300 1441 504 1485 xeceptam
520 1441 687 1471 tuentur
708 1431 833 1472 Amb.
850 1437 887 1475 1.
911 1447 933 1472 a
953 1448 1013 1485 pr.
1027 1447 1082 1472 m.
1105 1440 1146 1472 et
1164 1430 1287 1472 Paris.
1311 1436 1349 1471 1.
1373 1436 1412 1471 2.
1436 1435 1473 1470 3.
1496 1432 1558 1483 [et

99 1509 301 1554 praestant
331 1503 451 1540 etiam
480 1500 588 1553 apud
608 1497 933 1551 Quintilianum,
965 1503 1068 1541 sicut
1089 1500 1197 1553 apud
1216 1498 1452 1540 Ciceronem
1473 1499 1557 1536 for·

99 1584 190 1608 mae
222 1569 502 1608 declinationis
520 1568 741 1609 secundae.
802 1567 912 1608 Vide
945 1566 1145 1609 Goerenz.
1171 1569 1221 1607 ad
1237 1566 1364 1608 Cicer.
1388 1567 1437 1605 de
1462 1564 1553 1605 Fin.

97 1636 153 1685 V,
178 1637 230 1676 24
254 1638 289 1689 §.
311 1635 421 1686 71.]
506 1638 687 1676 materia.
749 1647 894 1676 natura
923 1633 993 1691 (cf.
1013 1635 1154 1690 Spald.
1183 1645 1268 1676 not.
1295 1634 1428 1688 exeg.)
1471 1631 1557 1672 Re-

98 1707 212 1757 gium
238 1706 365 1743 secuti
395 1704 609 1743 edideer
636 1703 737 1744 Ald.
767 1714 805 1744 et
826 1714 928 1759 post.
946 1714 1039 1745 ante
1060 1704 1186 1756 Obr.3
1227 1705 1395 1743 materia
1413 1703 1556 1741 desen-

99 1773 207 1812 ditur
228 1786 250 1810 a
273 1770 411 1811 Turio.
430 1770 536 1811 Flor.
558 1770 684 1812 I'arIs.
709 1776 746 1812 1.
764 1778 803 1813 2.
826 1778 865 1813 3.
892 1772 1033 1827 Camp.
1066 1771 1194 1828 (teste
1212 1769 1349 1827 Pon.)
1366 1769 1492 1810 Amb.
1512 1775 1554 1810 2.

98 1842 190 1879 fort.
220 1837 348 1879 Amb.
381 1844 418 1880 1.
537 1839 591 1879 acl
627 1856 746 1894 spem.
816 1840 870 1879 acl
907 1856 987 1882 om.
1017 1840 1127 1882 Jens.
1162 1838 1263 1881 Loc.
1379 1836 1553 1878 dicendi.
1623 1845 1627 1850 '

100 1907 198 1947 dise.
232 1910 354 1945 etiam
376 1907 484 1947 Flor.
517 1906 644 1947 Amb.
673 1913 710 1948 1.
744 1906 814 1963 (ln
841 1909 918 1948 hoc
946 1924 1067 1963 supra
1088 1909 1249 1948 additur
1267 1925 1310 1958 s,
1341 1909 1391 1947 ab
1412 1907 1557 1949 eadem

100 1990 249 2022 manu,
279 1983 326 2014 ut
357 1974 544 2030 videtur)
582 1973 710 2016 Amb.
731 1982 770 2017 2.
803 1975 926 2017 Goth.
959 1976 1085 2018 Paris.
1109 1981 1145 2016 1.
1172 1983 1211 2018 2.
1237 1983 1275 2018 5.

214 2042 251 2093 §.
286 2045 348 2081 13.
407 2043 608 2082 eminebat.
669 2043 845 2083 eminebit
867 2047 988 2084 etiam
1006 2044 1115 2086 Flor.
1133 2048 1255 2084 Paris.
1283 2049 1318 2084 1.
1341 2043 1483 2096 Camp.
1515 2050 1556 2081 et

102 2110 192 2149 edd.
220 2117 319 2162 post.
341 2117 435 2148 ante
457 2107 614 2163 Gryph.
732 2122 858 2151 certos
879 2112 977 2167 aliq.
1028 2115 1128 2152 ictus
1155 2112 1207 2152 al.
1245 2111 1386 2164 Camp.
1417 2109 1552 2150 Andr.

187 2192 241 2216 cx
273 2177 346 2216 his.
407 2192 462 2215 ex
493 2180 544 2216 iis
574 2177 711 2218 Turic.
742 2177 871 2218 Amb.
893 2185 934 2219 2.
963 2180 1074 2221 Jens.
1109 2189 1149 2220 et
1170 2180 1260 2219 edd.
1283 2188 1378 2220 vett.
1397 2181 1555 2232 plerae-

102 2261 194 2300 que.
312 2245 515 2285 incumbet.
576 2256 777 2300 componet
808 2246 933 2287 Amb.
961 2253 999 2287 1.

216 2315 251 2365 §.
296 2314 361 2351 14.
426 2323 559 2353 tentes.
630 2324 788 2368 temptes
835 2313 974 2355 Turio.
1015 2314 1143 2356 'Amb.
1179 2323 1218 2356 2.
1262 2315 1403 2368 Camp.
1443 2314 1552 2355 Jens.

103 2380 200 2421 Loc.
313 2397 390 2420 non
416 2385 553 2435 possit.
621 2393 780 2436 nequeat
814 2381 955 2436 Camp.
1015 2401 1090 2423 non
1127 2400 1206 2424 om.
1239 2383 1374 2423 Turio.
1492 2386 1556 2422 ςηί

104 2451 240 2488 minus.
301 2448 354 2488 ad
385 2448 490 2503 qnod
515 2453 608 2488 min..
642 2448 767 2489 Amb.
800 2456 836 2490 1.
899 2450 994 2505 [Do
1021 2451 1252 2492 Nicostrato
1278 2454 1328 2491 cf.
1350 2449 1554 2491 Addenda

103 2519 147 2556 iu
170 2519 290 2569 praef.
313 2514 447 2557 Vol.I
476 2533 512 2571 p.
538 2515 810 2569 LXXXIII]

217 2585 256 2636 ξ.
287 2587 350 2625 15.
409 2585 705 2639 providendum.
751 2586 959 2640 providum
980 2587 1084 2627 Flor.
1109 2603 1130 2626 a
1152 2604 1210 2641 pr.
1229 2604 1281 2628 m.
1306 2587 1442 2628 Turio.

107 2662 170 2690 aut
191 2652 288 2692 subt.
345 2667 393 2692 ac
418 2653 518 2693 subi.
541 2653 648 2694 Flor.
762 2658 906 2694 oratio.
966 2659 1066 2695 raldo
1087 2655 1222 2697 Turio.
1246 2655 1357 2696 Alm.
