1721 2974
705 614 867 655 (ΖΑΒ.
922 613 954 654 l.

219 716 253 767 ᾖ.
288 717 324 752 1.
385 708 656 762 [cogitationi.
707 703 922 745 Pottierius
955 706 1186 758 cognitioni,
1230 714 1274 746 ut
1302 708 1446 759 vulgo,
1486 721 1560 746 nec

106 785 321 839 quicquam
356 779 405 817 de
440 776 555 816 codd.
584 773 788 814 parisinis.
847 770 1111 828 Quamquam
1137 774 1214 814 hoc
1237 774 1403 830 quidem
1419 789 1561 827 parum

106 860 172 901 est,
203 849 271 889 sed
293 847 487 900 cogitatio
505 858 576 898 per
594 851 725 882 totum
741 841 852 880 huuc
871 843 1021 880 librum
1040 844 1245 895 proprium
1265 842 1419 896 aliquid
1438 844 1563 895 signi-

103 921 219 967 ficat,
275 916 324 954 cf.
353 929 383 953 c.
408 917 446 953 6.
478 910 594 963 Quin
624 912 658 949 si
689 910 904 949 contuleris
934 911 999 948 vel
1028 923 1076 948 ea
1101 924 1206 964 quae
1230 911 1363 949 statim
1385 925 1563 964 sequun-

104 994 189 1034 ηπ,
244 985 308 1023 vel
343 978 450 1022 VIII
484 981 576 1019 libri
615 979 857 1031 principium
911 976 1053 1032 (quod
1091 979 1261 1016 memini
1294 976 1565 1016 demonstrare

105 1055 236 1093 virum
276 1051 440 1090 doctum
481 1049 552 1102 qui
591 1048 635 1084 in
674 1044 913 1086 Jenensibus
951 1044 1128 1099 Ephem.
1169 1047 1335 1084 litterar.
1375 1059 1411 1084 a.
1458 1049 1567 1085 1827

107 1118 417 1160 Genslerianum
444 1117 631 1154 libellum
662 1112 890 1154 observati.
918 1114 968 1152 ad
994 1115 1144 1153 librum
1173 1113 1286 1152 huuc
1306 1111 1364 1163 X,
1391 1111 1563 1166 Coburg.

111 1192 234 1237 1822,
275 1187 438 1239 publico
458 1183 606 1233 judicio
625 1180 817 1235 subjecit)
858 1183 1031 1235 cognitio
1060 1182 1180 1221 unice
1200 1190 1293 1235 apta
1313 1194 1397 1220 esse
1413 1182 1568 1221 intelli-

107 1255 259 1308 geum]
336 1255 475 1307 firma.
516 1249 606 1290 Par.
632 1255 668 1289 1.
691 1255 730 1290 2.
740 1248 919 1305 formae.
1009 1247 1100 1298 ἕξις.
1141 1247 1231 1288 Par.
1255 1254 1293 1288 1.
1317 1247 1432 1296 λέξις.
1473 1247 1564 1288 Par.

108 1329 148 1364 2.
176 1322 296 1361 lexis.
383 1318 436 1359 ad
467 1334 594 1372 quam.
643 1316 712 1358 Sic
744 1315 836 1357 Par.
871 1323 910 1357 1.
944 1323 982 1357 2.
1080 1315 1325 1373 conferatur.
1366 1315 1457 1355 Par.
1483 1321 1520 1356 1.
1543 1322 1569 1356 2

106 1406 165 1444 pr.
200 1404 253 1429 m.
283 1388 555 1442 conficiuntur.
606 1383 696 1424 Par.
731 1391 757 1425 2
790 1386 869 1422 sec.
900 1399 955 1420 m.
990 1399 1282 1436 consequamur.
1372 1382 1568 1437 diligenti.

108 1457 198 1499 Par.
226 1463 264 1497 1.
286 1462 327 1497 2.
351 1453 590 1508 diligentius,
681 1464 792 1488 cura.
832 1447 903 1489 Sic
925 1447 1017 1489 Par.
1045 1455 1081 1489 1.
1101 1455 1141 1490 2.
1232 1449 1326 1505 quid
1347 1466 1401 1490 esc
1422 1451 1482 1490 his
1505 1451 1571 1490 [ἵε-

101 1525 241 1583 fiaeerit.
280 1523 371 1564 Par.
392 1527 432 1562 1.
454 1526 494 1561 2.
517 1519 739 1573 quifleoeus
759 1515 897 1556 iisdem
926 1516 1133 1573 defuerint.

220 1595 254 1647 ξ.
291 1584 332 1631 2.
393 1589 519 1643 [fluit.
575 1583 804 1639 Spalding-ii
822 1585 1019 1625 dubitatio
1039 1586 1088 1625 de
1106 1588 1228 1626 verbo
1235 1588 1367 1642 fluere
1382 1601 1455 1641 pro
1465 1589 1571 1643 flui-

107 1672 194 1701 tare
211 1660 341 1713 posito
361 1656 631 1709 scrupulosior
648 1653 808 1693 videtur
826 1667 952 1709 quam
967 1655 1111 1694 verior.
1165 1652 1315 1695 Censor
1335 1657 1416 1707 ejus
1435 1657 1571 1708 publi-

110 1744 177 1778 cus
206 1727 389 1769 Jenensis
420 1738 457 1764 a.
481 1726 585 1764 1821
613 1719 758 1774 Suppl.
784 1735 843 1760 nr.
866 1726 921 1762 77
943 1731 1166 1775 opportune
1192 1722 1332 1761 laudat
1353 1721 1570 1763 Claudiani

109 1800 245 1837 locum
263 1797 308 1833 iu
327 1791 464 1849 Rufin.
488 1787 608 1844 Ipr.:
640 1788 769 1843 Saepe
798 1789 895 1828 mihi
915 1789 1075 1829 dubiam
1097 1792 1233 1829 traxit
1254 1793 1443 1829 sententia
1465 1807 1572 1829 men-

109 1875 200 1915 sem,
235 1860 425 1902 Curarem
444 1860 574 1912 superi
593 1867 720 1896 terras
734 1888 745 1907 ‚
788 1873 839 1896 an
861 1857 990 1897 nullus
1008 1859 1147 1897 inesset
1170 1855 1337 1909 Hector,
1369 1868 1405 1896 et
1424 1860 1572 1898 incerto

101 1934 272 1990 fluerent
290 1925 479 1968 mortalia
507 1941 614 1965 casu.
629 1923 648 1975 ]

226 1999 262 2050 §.
296 2000 334 2036 3.
397 1993 575 2048 quidque.
615 1991 684 2032 Sic
705 1990 796 2032 Par.
822 1997 863 2032 2.
925 1991 1115 2047 quidquid
1143 1991 1233 2032 Par.
1255 1998 1293 2033 1.

228 2067 266 2116 §.
297 2065 338 2104 4.
398 2077 561 2101 summa.
613 2058 682 2100 Sic
710 2058 802 2099 Par.
835 2064 873 2100 1.
934 2076 1123 2100 summam
1161 2058 1252 2100 Par.
1287 2066 1326 2101 2.
1442 2077 1570 2115 quom.

114 2142 209 2176 inst.
251 2132 320 2174 Sic
349 2129 439 2171 Par.
463 2135 502 2169 1.
521 2135 561 2170 2.
652 2126 811 2168 athleta.
856 2126 924 2168 Sic
951 2127 1044 2169 Par.
1078 2133 1116 2168 1.
1146 2133 1198 2180 2,
1256 2129 1327 2169 sed
1351 2138 1394 2167 ut
1414 2129 1585 2169 videtur

114 2207 159 2243 in
185 2204 264 2243 iuis
295 2204 510 2239 inventum
538 2211 633 2236 esse.
738 2212 817 2251 qua
848 2198 1012 2237 ratione.
1061 2195 1152 2236 Par.
1179 2202 1218 2236 1.
1244 2202 1284 2237 2.
1315 2212 1392 2251 qua
1415 2199 1457 2236 in
1478 2213 1574 2237 ora-

117 2274 231 2312 tione.
321 2266 479 2306 didicit.
528 2264 618 2305 Par.
646 2269 683 2303 1.
707 2270 745 2305 2.
778 2263 918 2305 dicere.
982 2264 1192 2319 [Videtur
1220 2263 1407 2304 didicerit
1436 2267 1571 2316 fuisse,

116 2342 217 2379 sicut
236 2335 488 2377 accuratioris
505 2335 787 2386 grammaticae
808 2335 908 2373 ratio
928 2331 1147 2387 postulat]
1236 2335 1377 2387 optimc
1389 2365 1399 2384 ‚
1440 2349 1570 2388 quam.

120 2404 186 2446 Sic
205 2404 296 2445 Par.
325 2408 362 2443 1.
384 2408 423 2443 2.

234 2474 266 2526 ξ.
298 2476 336 2514 5.
393 2485 480 2524 par.
513 2469 661 2524 quibus.
715 2467 806 2509 Par.
841 2474 874 2509 1.
908 2475 947 2510 2.
981 2472 1101 2509 inser.
1135 2486 1166 2509 c,
1264 2469 1349 2508 Eae
1380 2479 1589 2510 constant:

120 2540 212 2581 Par.
236 2545 276 2579 1.
298 2545 339 2581 2.
374 2555 394 2578 e
425 2538 657 2578 constantia.
719 2534 913 2591 [Sar-pius
944 2540 986 2576 in
1016 2535 1186 2590 Quaest.
1210 2537 1350 2591 philol.
1379 2535 1571 2577 Rostoch.

124 2623 160 2647 a.
198 2611 304 2649 1819
338 2607 452 2647 editis
485 2622 524 2660 p.
549 2606 599 2647 54
642 2606 697 2644 sic
728 2601 1033 2654 Quintilianum
1063 2609 1259 2660 scripsisse
1291 2607 1463 2646 instituit
1482 2619 1576 2658 pro-
