1721 2974
99 100 155 145 24
529 103 800 161 Supplcmenia
845 105 1106 145 annotationis

221 216 258 266 §.
294 220 332 257 8.
392 225 432 256 ut
459 216 602 257 medius
624 218 720 260 Tur.
741 219 846 260 Flor.
866 217 1008 269 Alm.;
1051 216 1204 271 [habes
1230 230 1383 256 novum
1403 230 1542 256 exem-

111 286 224 338 plum
243 293 283 324 ut
305 292 343 324 et
361 293 397 322 ct
414 294 751 339 permutatorum3
781 287 862 326 vid,
884 284 1022 339 Spald.
1046 293 1141 324 nota
1162 286 1247 324 crit.
1267 284 1319 324 ad
1346 286 1382 337 §.
1401 289 1440 325 9.
1465 283 1542 334 S.]
1607 302 1623 318 κ

195 353 379 406 optimum
395 375 451 384 -—-
470 356 640 406 opimum
667 355 762 394 Ald.
795 352 905 394 Sich.
932 350 1042 393 ths.
1065 350 1205 393 Burin.
1227 349 1372 402 Gesn.3
1402 353 1547 405 reliqui

114 422 595 474 optumum--optimum.
654 419 772 474 Regii
811 423 1078 471 conjecturam
1117 428 1251 459 tuetur
1289 419 1400 458 haud
1429 419 1549 458 dubie

115 485 222 526 Flor.
263 486 385 539 (cum
424 488 485 527 ed,
525 486 665 530 Burm.
706 485 927 543 collatus)3
975 489 1019 526 iu
1057 502 1102 526 eo
1135 489 1243 525 enim
1270 491 1454 526 notatum
1478 493 1550 536 est,

117 569 187 607 pro
229 557 396 608 opimum
433 554 504 608 (ut
542 564 598 594 est
636 558 679 593 in
717 552 855 595 Burin.
897 562 936 594 et
973 555 1060 596 cod.
1103 569 1126 593 a
1157 558 1285 607 prima
1313 554 1393 608 m.)
1430 556 1552 593 aliam

117 637 284 660 manum
311 625 354 660 iu
382 637 506 675 marg.
536 625 782 675 apposuisse:
813 621 876 661 vel
901 631 1106 676 optumum.
1166 620 1264 667 Tur.
1296 623 1478 677 optimum
1497 643 1555 652 --·

120 691 302 743 optimum
343 689 469 743 (corr.
507 692 555 729 ab
596 690 645 731 al.
679 705 733 731 m.
765 689 1014 746 optumum),
1063 699 1109 730 ut
1140 689 1304 743 Camp.3
1359 688 1482 731 Amb.
1515 692 1553 727 1.

120 770 204 795 non
242 766 496 797 memoratur.
554 756 717 797 Pottier.
758 760 924 811 opimum
953 773 1004 796 ex
1034 756 1156 797 Paris.
1186 762 1222 798 1.
1240 788 1251 808 ,
1292 758 1477 811 optimum
1505 770 1557 794 ex

121 822 244 864 Paris.
266 829 304 864 2.
332 826 456 864 affert.
559 826 599 862 ἰη
627 827 753 864 omitt.
777 826 899 864 etiam
926 823 1025 864 Tur.
1057 824 1163 864 Flor.
1195 823 1320 864 Amb.
1346 829 1382 864 1.
1413 819 1555 875 Camp.

123 889 212 933 Par,
239 895 273 930 1.
295 897 334 934 2.
357 896 393 931 6.
424 890 494 945 (in
523 892 616 935 edit.
648 890 811 932 Pottier.
844 906 982 932 omnes
1003 891 1156 931 eodjces
1178 893 1301 931 Paris.
1324 890 1420 932 dicit
1439 905 1557 946 prae-

124 960 362 1011 positionem
392 959 614 1013 omittere.)

240 1025 276 1075 §.
310 1030 346 1065 9.
408 1024 439 1066 P
461 1026 522 1079 ”¹3
571 1026 669 1067 haec
707 1029 820 1080 signa
856 1028 984 1068 omitt.
1024 1029 1146 1067 etiam
1183 1025 1289 1067 Flor.
1328 1023 1418 1067 Par.
1452 1029 1489 1065 1.
1522 1029 1559 1065 6.

126 1090 225 1133 Tur.
265 1090 388 1147 (huio
429 1095 482 1134 al.
511 1111 566 1136 m.
595 1099 638 1134 iu
667 1111 789 1148 marg.
821 1096 1048 1148 adscripsit:
1101 1093 1305 1146 fdus-ian,
1348 1092 1381 1135 ¹·ss
1404 1092 1561 1148 psilen)

127 1158 256 1201 Amb.
290 1164 327 1201 1.
369 1160 507 1216 Camp.
549 1163 646 1219 (qui
681 1178 753 1217 pro
785 1163 818 1204 Ι-
847 1163 970 1202 habet
1000 1160 1206 1217 δασυαμ).
1321 1171 1454 1203 notam
1481 1176 1561 1201 om.

129 1229 250 1266 etiam
271 1225 368 1268 Tur.
389 1227 495 1271 Flor.
517 1230 643 1272 Amb.
667 1237 704 1272 1.
727 1230 866 1285 Camp.
897 1230 988 1271 Par.
1012 1234 1048 1268 1.
1071 1235 1109 1269 2.
1131 1234 1168 1268 6.
1266 1230 1466 1269 contraria
1491 1226 1566 1283 (ut

132 1291 265 1336 Guelf.
306 1293 455 1350 Bern.)
490 1295 579 1338 Par.
617 1304 653 1340 1,
687 1304 724 1343 6,
759 1299 865 1340 Flor.
981 1307 1023 1336 ut
1049 1295 1130 1347 K.‚·
1179 1298 1299 1335 etiam
1327 1294 1424 1336 Tur.
1457 1295 1565 1336 Flor.

131 1359 261 1404 Amb.
295 1365 331 1403 1.
380 1374 415 1402 et
455 1363 508 1404 K.
550 1365 641 1405 dare
677 1367 876 1416 videntur,
915 1379 1009 1404 cum
1037 1366 1171 1403 nullus
1200 1378 1339 1402 eorum
1370 1378 1570 1402 memore-

132 1435 198 1468 tur
209 1444 221 1482 ς
272 1431 328 1469 ita
356 1433 465 1470 euim
494 1431 633 1474 Burm.
668 1433 796 1484 Obr.;
839 1431 978 1484 Camp.
1010 1432 1151 1470 diserte
1183 1441 1231 1470 et.
1292 1430 1450 1485 <fficium
1479 1448 1568 1485 spc-

135 1497 286 1551 ciesque
313 1500 435 1540 etiam
461 1497 551 1541 Par.
580 1505 617 1542 1.
646 1507 686 1543 2.
715 1506 751 1543 6,
785 1499 925 1552 Camp.
956 1501 1046 1539 fort.
1086 1496 1184 1538 Tur.
1225 1497 1331 1539 Flor.
1371 1496 1498 1539 Amb.
1531 1503 1568 1538 1.

136 1562 308 1618 Koppa5
358 1564 454 1605 huic
498 1570 732 1607 correctioni
765 1582 917 1607 novum
953 1566 1174 1605 subsidium
1203 1568 1355 1606 exsistit
1383 1568 1568 1610 nullum:

139 1629 286 1685 Kappa
317 1634 453 1673 Turio.
483 1633 591 1675 Flor.
626 1634 714 1675 Par.
742 1642 780 1675 1.
801 1641 839 1675 2.
862 1638 898 1673 6.
929 1636 1019 1673 fort.
1049 1632 1174 1674 Amb.
1198 1638 1259 1686 1.;
1293 1632 1432 1688 Camp.
1465 1651 1544 1676 om,

139 1696 191 1736 X
215 1713 293 1740 om.
324 1698 452 1743 Amb.
476 1706 513 1744 1.
542 1700 677 1743 Turio.
705 1702 812 1745 Flor.
841 1699 980 1755 Camp,
1079 1716 1156 1754 qua
1185 1710 1265 1739 tam
1294 1717 1426 1741 carere
1453 1706 1575 1745 etiam

140 1762 240 1806 Tur,
273 1765 400 1809 Amb.
424 1772 460 1809 1.
494 1767 631 1823 Camp.
662 1768 751 1810 Par.
774 1776 813 1811 2.
873 1784 951 1823 qua
978 1778 1104 1806 tamen
1129 1783 1209 1808 car.
1238 1766 1328 1808 Par.
1353 1773 1389 1809 1.
1415 1773 1452 1810 6.
1481 1772 1572 1811 fort.

142 1830 248 1874 Flor.
363 1851 480 1890 quam
517 1839 635 1879 inser.
677 1840 797 1877 etiam
826 1835 923 1879 Tur.
954 1834 1059 1877 Flor.
1094 1834 1220 1876 Amb.
1243 1840 1279 1878 1.
1314 1834 1453 1890 Camp.
1483 1840 1573 1880 Par.

149 1904 185 1939 1.
208 1906 247 1943 2.
271 1905 309 1944 6.
424 1906 642 1957 quaerimus
670 1907 790 1944 etiam
817 1902 907 1944 Par.
940 1907 978 1943 1.
1014 1906 1051 1944 6.
1111 1901 1299 1956 [Pithoei
1328 1905 1576 1945 emendatIO—

145 1981 265 2010 nem:
305 1985 383 2025 qua
411 1980 490 2009 tam
519 1987 652 2011 carere
673 1973 890 2025 potuimus,
918 1986 1035 2025 quam
1063 1980 1100 2021 ψ
1129 1967 1213 2024 (si)
1245 1986 1319 2009 non
1348 1975 1578 2025 quaerimus,

147 2036 231 2087 ipse
272 2035 479 2090 Spalding.
519 2041 642 2092 praef.
694 2037 791 2092 Vol.
819 2036 859 2078 Il
898 2053 988 2092 pag.
1019 2036 1062 2078 V
1097 2054 1156 2093 sq.
1200 2040 1343 2077 merito
1384 2039 1577 2080 laudavit.

152 2101 340 2144 Ceterum
384 2109 567 2160 quamvis
602 2116 644 2145 ut
681 2107 799 2146 facile
835 2108 943 2146 abire
982 2109 1155 2160 potuerit
1190 2108 1234 2144 in
1271 2115 1328 2153 et,
1379 2109 1487 2156 cujus
1522 2110 1582 2146 rei

152 2175 338 2225 exempla
370 2176 495 2214 etiam
530 2176 574 2212 in
614 2172 690 2214 hao
720 2175 961 2214 variantium
985 2175 1205 2213 lectionum
1228 2172 1424 2225 farragine
1451 2177 1580 2214 multa

154 2247 262 2290 sunt,
290 2253 329 2280 v.
361 2256 395 2282 o.
423 2238 457 2292 I,
489 2245 528 2291 5,
560 2245 625 2285 52.
670 2244 709 2292 6,
740 2241 778 2283 4.
815 2246 854 2290 6,
881 2246 919 2290 9,
947 2244 1086 2281 malim
1112 2249 1248 2280 tamen
1275 2249 1434 2293 propter
1457 2255 1582 2281 vocu-

155 2306 214 2344 las
252 2317 287 2345 et
325 2309 412 2361 ipsa
449 2317 560 2348 vetus
598 2311 789 2362 scriptura
821 2318 863 2348 ut
891 2307 937 2349 K
961 2311 1211 2357 restituatur,
1247 2317 1335 2360 post
1362 2318 1399 2346 et
1427 2317 1518 2348 ante
1546 2309 1584 2361 Q

159 2371 358 2424 deleatur,
406 2384 548 2415 natum
585 2391 639 2418 ex
676 2379 859 2429 proximo
896 2386 965 2417 est.
1034 2375 1126 2423 Sic,
1167 2375 1304 2415 deletis
1341 2375 1584 2430 parenthesis

159 2440 299 2491 siguis,
337 2451 532 2482 structura
559 2444 770 2484 verborum
798 2451 903 2482 recte
933 2440 1162 2496 procedet]

271 2508 309 2557 §.
350 2513 413 2548 10.
470 2512 744 2563 grammatices
781 2519 836 2548 est
875 2507 1013 2564 Camp.
1090 2510 1370 2562 grammaticae
1414 2524 1493 2550 om.
1531 2519 1586 2548 est

162 2572 261 2614 Tur.
377 2593 469 2629 quos
498 2587 632 2618 tamen
662 2579 833 2618 retinent
861 2575 959 2618 Tur.
994 2577 1081 2618 Par.
1105 2582 1140 2618 1.
1162 2583 1201 2618 2.
1225 2582 1262 2618 6.
1299 2575 1464 2630 camp.)
1493 2577 1585 2616 fort.
