1721 2974
460 103 514 145 αιῖ
545 101 719 159 Quintil.
748 101 880 144 Instit.
909 99 1000 151 IX,
1032 104 1070 142 3.
1112 98 1384 152 §.14—46.
1568 100 1650 139 397

303 220 339 272 ξ.
374 222 440 260 33.
500 222 764 259 emer-citatur.
802 216 870 258 Sic
888 215 981 258 Par.
1008 220 1047 256 1.
1070 219 1110 256 2.

302 292 339 341 §.
371 289 437 328 34.
496 287 705 327 dubitabit,
737 285 805 327 Sic
828 285 918 326 Par.
943 291 984 326 2.
1043 282 1239 322 dubitavit
1262 279 1354 322 Par.
1380 284 1418 320 1.

302 358 339 407 §.
371 360 439 397 35.
505 354 643 394 Ulisi.
674 353 743 394 Sic
762 354 852 394 Par.
878 359 916 393 1.
937 359 978 395 2.
1186 397 1193 401 ‚

303 426 339 477 §.
369 427 438 464 36.
497 433 661 463 contra:
691 422 871 476 Princz'p.
911 419 980 461 Sic
1000 419 1092 461 Par.
1120 423 1158 460 1.
1179 423 1219 459 2.
1319 415 1454 470 longa.
1493 414 1587 457 I'ar.
1610 421 1653 456 1.

190 496 230 532 2.
257 490 447 545 longiore.
534 505 649 529 nunc.
682 488 750 530 Sic
768 488 862 530 Par.
885 494 922 529 1.
982 488 1084 528 hunc
1103 487 1194 528 Par.
1215 491 1255 527 2.
1343 486 1455 540 patri
1474 495 1529 526 iu.
1557 483 1652 525 Par.

193 563 230 599 1.
252 564 295 600 2.
315 559 443 614 patris
465 559 536 598 tui.

305 628 342 677 §.
376 631 442 667 37.
503 622 582 677 [Iu
609 640 708 665 voce
729 624 846 664 modo
868 640 962 664 omn
981 622 1122 677 Spald.
1150 623 1405 673 offendisset,
1434 619 1654 662 Schiitzius

189 709 241 734 en
266 694 395 734 adfuit
417 696 615 746 corrigens
635 696 795 732 mutatis
823 691 890 748 (p.
915 692 1011 746 29).
1061 691 1123 731 At
1143 693 1257 730 nulla
1282 690 1494 730 dubitandi
1518 705 1652 740 causa,

190 762 411 802 dummodo
434 762 493 816 fit
530 761 582 800 ad
614 776 842 815 praegressa
874 763 1045 801 reseras:
1097 770 1133 798 et
1163 758 1270 814 apud
1294 757 1390 799 Rut.
1415 760 1467 813 fit
1498 758 1655 798 casibus

188 830 304 870 modo
344 830 418 869 hoc
454 828 630 878 schema,
681 832 707 868 i.
739 846 773 870 e.
817 845 902 869 non
940 832 1062 869 etiam
1099 843 1261 881 genere.
1324 826 1513 868 Ceterum
1539 829 1652 879 vulg.

187 894 365 952 περιόδῳ
404 901 658 937 verissimum
691 900 793 938 fuit:
853 913 886 937 ω
925 899 1171 936 scribebatur
1211 912 1248 936 οι
1281 905 1320 935 et
1358 911 1379 942 ς
1416 911 1436 934 e
1467 897 1654 948 proxime

186 967 372 1019 sequenti
401 965 605 1017 adhaesit,
656 966 752 1004 inde
784 968 985 1018 corruptio
1018 966 1123 1004 facta
1154 973 1225 1003 est.
1293 961 1408 1002 Idem
1436 961 1654 1003 Schiitzius

185 1036 308 1086 paulo
337 1042 427 1086 post
457 1048 529 1087 pro
564 1036 682 1072 etiam
713 1035 997 1087 corrigendum
1035 1042 1151 1087 putat
1182 1033 1362 1079 iteratio,
1405 1032 1516 1085 quod
1540 1030 1654 1070 haud

187 1102 309 1141 dubie
328 1116 491 1141 sensum
514 1102 690 1154 adjuvat,
720 1105 765 1140 ni
785 1113 821 1140 et
841 1126 898 1132 -—
918 1104 1035 1141 etiam
1053 1111 1170 1155 putes
1190 1100 1352 1140 defendi
1370 1100 1521 1153 posse.]

303 1171 338 1222 §.
372 1174 440 1210 38.
497 1169 683 1225 publicas
701 1170 860 1210 Larini.
904 1169 997 1210 Par.
1023 1174 1060 1210 1.
1083 1176 1123 1210 2.
1141 1187 1181 1224 p.
1200 1168 1364 1208 violari.
1449 1166 1654 1220 judicave-

188 1248 292 1278 runt.
333 1237 426 1278 Par.
447 1243 485 1279 1.
510 1244 551 1279 2.
574 1238 817 1291 judicarunt.
901 1237 972 1277 illo
994 1254 1115 1277 nemo.
1147 1236 1216 1278 Sic
1235 1235 1326 1277 Par.
1351 1241 1388 1276 1.
1410 1241 1450 1277 2.

300 1307 337 1357 §.
369 1307 439 1346 41.
498 1317 534 1345 et
555 1322 638 1359 ego.
672 1305 739 1347 Sic
758 1305 851 1347 Par.
879 1311 914 1346 1.
936 1312 977 1346 2.

299 1379 336 1428 §.
369 1375 438 1415 42.
498 1374 649 1414 indicio
675 1399 732 1405 —-
761 1373 1053 1414 indicabuntur.
1086 1372 1155 1414 Sic
1173 1372 1264 1414 Par.
1287 1378 1327 1413 1.
1413 1383 1449 1411 et
1478 1372 1552 1412 his.
1585 1370 1654 1413 Sic

185 1442 278 1484 Par.
303 1448 339 1483 1.
403 1442 501 1496 [Sic
521 1452 618 1497 puto
640 1443 967 1482 emendandum:
1008 1441 1148 1497 Neque
1175 1444 1276 1481 enim
1302 1451 1488 1497 poterant
1500 1440 1654 1495 judicio

187 1522 223 1550 et
241 1512 284 1550 hi
300 1511 507 1560 damnari,
548 1513 616 1565 qui
633 1510 907 1564 judicabant]

299 1583 335 1632 §.
368 1580 437 1619 43.
498 1594 744 1632 magnopere.
778 1578 869 1619 Par.
889 1584 979 1619 1.2.
1001 1593 1082 1618 om.
1135 1575 1241 1631 [Qui
1262 1580 1400 1617 locum
1419 1586 1654 1631 corruptum

183 1652 325 1688 sanare
347 1655 536 1696 conetur,
570 1646 649 1686 hoc
670 1649 792 1685 etiam
810 1655 967 1698 teneat,
999 1655 1088 1700 post
1107 1646 1300 1699 adjectum
1325 1656 1380 1684 cst
1397 1649 1440 1684 in
1463 1644 1588 1685 Amb.
1611 1650 1649 1685 1.

184 1718 267 1769 legi
296 1717 419 1767 enim,
458 1723 505 1754 ut
532 1714 634 1754 haec
661 1716 804 1769 utique
836 1717 958 1755 verba
985 1715 1267 1768 conjungenda
1294 1730 1377 1754 esse
1406 1714 1650 1754 videantur:

185 1783 380 1834 adjectum
412 1793 469 1826 est
495 1785 595 1821 enim
629 1781 896 1822 Veruntamen
916 1787 1038 1827 venit.
1097 1782 1236 1823 Antea
1256 1784 1343 1822 sine
1365 1783 1488 1821 dubio
1510 1797 1655 1821 emen-

187 1852 369 1891 dandum
396 1851 471 1891 hoc
497 1853 624 1905 ipsum
655 1867 772 1905 quam
799 1868 940 1892 novum
965 1868 1037 1907 pro
1061 1867 1106 1892 eo
1127 1851 1238 1907 quod
1257 1860 1314 1890 est
1333 1850 1494 1900 bonum,
1529 1859 1652 1905 atque

186 1922 385 1973 pertinere
406 1921 575 1958 arbitror
603 1919 655 1957 ad
680 1917 736 1969 Q.
755 1918 971 1960 Metellum
990 1920 1190 1974 Nepotem
1206 1922 1251 1958 in
1271 1917 1503 1958 Tribunatu
1523 1920 1652 1972 plebis

189 1986 393 2028 Ciceronis
412 1988 757 2035 inimicissimum,
799 1998 1039 2042 quapropter
1064 1991 1108 2027 in
1131 2002 1226 2027 eum
1255 1990 1479 2026 orationem
1500 1985 1653 2027 Metel-

185 2058 315 2095 linam
348 2057 594 2108 conscripsit.
654 2053 862 2096 Plutarch.
898 2059 944 2095 in
969 2060 1051 2097 vita
1081 2056 1166 2098 Cic.
1190 2071 1225 2096 c.
1249 2059 1328 2096 26:
1360 2051 1648 2108 εὐμετάβολος.

187 2123 257 2164 καί
281 2138 378 2163 ποτε
410 2120 486 2175 τὴν
516 2122 751 2177 δημαρχίαν
781 2121 992 2165 ἀπολιπὼν
1023 2122 1161 2180 ἄφνω,
1200 2121 1304 2179 πρὸς
1321 2120 1546 2176 Πομπήϊον
1567 2121 1652 2171 ἐξέ-

185 2193 356 2231 πλευσεν
384 2191 440 2239 εἷς
464 2191 640 2245 Συρίαν,
671 2187 746 2231 εἶτ’
777 2191 933 2233 ἐκεῖθεν
954 2191 1186 2246 ἐπανῆλθεν
1207 2189 1475 2247 ἀλογώτερον.
1535 2190 1651 2231 Ean-

189 2260 282 2299 dem
303 2274 390 2298 rem
413 2257 493 2299 Dio
516 2259 673 2300 Cassius
698 2262 769 2300 lib.
791 2265 845 2302 37
876 2277 910 2301 c.
934 2262 987 2301 43
1018 2262 1141 2302 tradit
1164 2261 1301 2301 addita
1325 2263 1449 2300 etiam
1475 2262 1646 2308 ratione,

186 2344 258 2368 cur
277 2328 380 2367 illud
403 2343 557 2368 novmn
575 2337 803 2380 vocaretur,
835 2330 946 2384 quod
972 2329 1165 2376 Tribunis
1188 2332 1245 2384 pl.
1264 2343 1318 2368 ne
1337 2343 1463 2367 unam
1482 2327 1648 2383 quidem

185 2405 346 2436 noctem
374 2406 486 2436 extra
508 2399 649 2451 urbem
671 2412 754 2436 esse
776 2398 956 2451 liceret.]

301 2466 337 2517 §.
370 2466 438 2506 45.
500 2464 744 2505 Dediclerim.
786 2463 854 2505 Sic
874 2465 966 2506 Par.
987 2471 1026 2508 2.
1048 2482 1126 2507 sec.
1146 2481 1202 2505 m.
1258 2464 1433 2504 dederim
1460 2463 1551 2506 Par.
1579 2469 1617 2505 1.

303 2534 340 2584 §.
372 2534 439 2573 46.
498 2550 626 2588 super.
660 2531 729 2573 Sic
746 2531 838 2574 Par.
866 2538 903 2574 1.
926 2539 964 2575 2.
1052 2537 1123 2576 vil.
1145 2544 1215 2574 cst.
1254 2536 1320 2574 Sic
1339 2533 1431 2574 Par.
1455 2538 1494 2573 1.
1519 2538 1558 2573 2.

187 2616 222 2640 c.
248 2613 375 2655 auget.
416 2600 505 2643 Par.
536 2608 572 2643 1.
602 2608 642 2645 2.
679 2617 713 2642 c.
741 2607 836 2656 ong.
868 2613 1012 2644 autem.
1072 2602 1232 2659 [Amb.
1258 2606 1296 2645 1.
1321 2618 1408 2644 cum
1437 2612 1551 2656 auget
1579 2610 1646 2641 aut
