1721 2974
0 137 3 209 p
109 143 165 184 ad
186 143 318 198 Quint.
331 141 429 183 last.
445 140 568 195 VIII,
582 146 620 192 3,
642 145 835 183 73—89.
870 141 1090 191 4,2-29.
1122 114 1159 189 5}
1180 141 1348 180 4—16.
1408 143 1489 182 383

0 268 3 337 P
163 257 199 308 §.
231 260 300 296 21.
359 266 425 296 aut
444 272 552 295 unus.
594 254 662 296 Sic
685 256 806 294 etiam
826 251 952 293 ‚Amb.
978 256 1016 292 1.
1039 257 1078 292 2.
1109 251 1230 292 Paris.
1255 257 1292 291 1.
1315 257 1354 293 3.
1407 251 1489 292 Sed

0 358 1 362 ,
49 337 133 362 non
169 332 226 362 est
255 324 540 373 dubitandum,
583 325 682 376 quin
710 325 830 362 ceteri
859 335 1030 375 quoque.
1089 319 1293 371 Ejusmodi
1316 320 1489 359 subsidia

0 389 3 426 l
48 393 264 442 scripturae
292 405 313 428 a
334 389 472 442 Spald.
495 393 731 428 constitutae
748 391 892 441 passim
911 388 1050 426 afferre
1070 401 1278 440 possumus
1292 418 1302 437 ,
1332 387 1403 426 sed
1422 389 1489 426 cui

0 481 3 532 Ι
48 458 155 496 bono
169 488 179 507 ,
215 460 284 496 ubi
305 460 394 496 satis
415 456 599 496 constat?
642 456 901 496 Enotabimus
921 458 1050 507 potius
1068 457 1137 494 ubi
1158 455 1361 493 dIfferunt.

0 550 3 588 ι
163 526 201 574 §.
232 529 299 565 22.
358 527 475 562 etiam
501 534 615 578 atquc
641 524 728 562 sibi.
777 522 904 562 Amb.
937 527 973 562 1.
997 528 1037 563 2.
1067 520 1157 563 Par.
1184 526 1222 560 1.
1243 526 1280 560 3.
1303 525 1341 561 5.
1372 523 1488 560 eliam

0 616 2 642 2
48 591 125 629 sihi
151 601 285 645 atque,
333 605 577 645 quamquam
597 589 884 643 Spaldingiana
912 593 1035 641 ratio,
1075 599 1186 643 atque
1223 589 1366 627 debere
1396 597 1488 628 ante

0 655 3 723 j
46 661 226 698 vocalem
244 673 324 697 esse
337 688 348 708 ‚
388 661 508 696 nimis
529 661 665 696 multis
687 660 888 697 contrariis
909 660 1006 697 locis
1024 659 1259 695 infirmatur.

161 727 198 776 §.
229 730 297 766 23.
355 724 620 764 Alcibiadem.
667 724 794 765 Amb.
820 730 856 764 1.
887 739 958 778 pro
985 733 1175 779 perpetua
1199 723 1486 763 consuetudine

0 801 3 844 ἰ
44 807 116 833 sua
134 791 382 832 Alcibiaden.

0 907 2 919 ,-
158 864 192 912 §.
224 860 291 899 24.
348 858 492 899 Pelias.
541 856 667 899 Amb.
692 865 730 899 1.
757 857 879 914 pelta.
980 857 1147 915 firunt,
1180 876 1226 899 ea
1241 861 1338 898 item
1357 856 1485 898 Amb.

0 921 3 1003 ,
47 932 86 968 1.
146 926 228 967 Sed
247 927 313 966 hic
335 930 455 965 etiam
470 926 659 980 palantis.

159 995 196 1044 §.
224 997 293 1034 25.
352 1003 476 1032 ierunt
494 996 607 1033 servi.
659 992 786 1034 Aan.
814 998 850 1034 1.
880 1003 1045 1033 ceterum
1071 995 1228 1032 serviet
1251 993 1378 1044 cellis,
1415 994 1485 1034 sed

43 1073 209 1102 celerum
229 1076 281 1100 ex
301 1063 557 1100 correctione.
615 1060 706 1102 Par.
731 1067 769 1102 6.
800 1072 858 1100 ier
887 1064 990 1101 servi
1018 1060 1139 1100 cellis.
1199 1060 1290 1102 Par.
1313 1067 1349 1101 1.
1370 1067 1409 1102 2.
1437 1061 1486 1100 de

42 1132 165 1169 servis
183 1139 217 1168 et
237 1127 362 1168 cellis.
412 1127 538 1168 Amb.
565 1135 606 1169 2.
631 1140 759 1168 terunt
782 1132 886 1168 servi
906 1140 941 1168 et
962 1129 1071 1169 cellis
1097 1127 1207 1168 nihil.

157 1198 193 1248 §.
226 1201 293 1236 27.
352 1206 502 1235 tuorum
525 1199 647 1236 etiam
667 1200 709 1236 in
728 1196 855 1237 Amb.
883 1202 922 1237 1.
942 1197 1064 1235 deest.
1123 1194 1232 1235 Tum
1259 1195 1399 1235 similis
1429 1206 1485 1235 est

43 1265 134 1304 kuic
144 1266 288 1319 figura
310 1279 448 1318 quam,
485 1265 555 1302 sed
578 1279 630 1303 ex
653 1274 816 1304 correct.
930 1263 1038 1303 solet.
1082 1262 1208 1303 Ajnb.
1233 1269 1271 1303 1.
1291 1263 1425 1304 solent.

153 1333 184 1383 §.
214 1337 282 1373 29.
342 1329 496 1370 Vereor
530 1340 576 1370 ut
603 1341 710 1372 recte
748 1330 964 1372 aesthnarit
993 1332 1247 1385 Spaldingius
1278 1329 1406 1372 Aan.
1441 1336 1484 1373 1.

40 1400 186 1439 codicis
218 1402 451 1452 scripturam
484 1399 658 1447 excidit,
705 1415 838 1454 neque
868 1403 978 1438 enhn
1008 1414 1115 1438 error
1142 1401 1293 1437 librarii
1327 1399 1484 1438 videtur

40 1482 145 1517 esse,
184 1467 254 1505 sed
279 1469 362 1519 ipse
391 1464 536 1517 Quint.
566 1467 743 1506 indicare
773 1469 943 1506 voluisse
971 1481 1097 1519 paene
1116 1469 1247 1519 ipsum
1265 1469 1481 1519 poenitere,

38 1535 150 1589 quod
176 1534 254 1574 hoc
281 1536 362 1584 jam
381 1536 470 1573 loco
491 1548 642 1574 nomen
660 1535 763 1574 illud
781 1536 1114 1573 commemorarit.

0 1621 4 1662 Ι
615 1655 775 1698 CAP.
844 1655 902 1696 V.

2 1785 5 1797 Ι
146 1734 306 1776 Titulus
329 1736 372 1775 in
390 1733 516 1786 Amb.
538 1740 577 1777 1.
598 1740 639 1776 2.
662 1744 720 1775 est
750 1735 834 1775 DE
863 1731 1202 1775 GENERIBVS
1223 1732 1481 1774 SENTEN-

0 1804 5 1828 ³
39 1802 236 1844 TIARV
232 1803 299 1843 M.

151 1873 186 1925 ξ.
215 1871 255 1910 4.
311 1887 357 1909 ea
376 1887 486 1924 quae.
537 1869 604 1910 Sic
634 1869 760 1911 Amb.
787 1876 846 1921 1.‚
885 1870 955 1910 sed
977 1868 1068 1910 Par.
1095 1875 1132 1910 1.
1166 1886 1212 1909 ca
1237 1886 1365 1924 quam.

150 1940 179 1993 ξ.
212 1942 251 1977 6.
308 1948 421 1977 emut.
466 1936 594 1978 Amb.
627 1943 666 1978 1.
698 1938 775 1977 hoc
806 1941 894 1977 loco
925 1939 1115 1977 mendose
1144 1939 1333 1976 lacunam
1358 1936 1481 1976 habet

4 2022 6 2042 τ
35 2009 140 2047 inter
164 2007 243 2046 duo
275 2008 418 2044 misera
446 2021 522 2044 ηοη
549 2015 618 2045 est.
678 2004 761 2044 Sed
786 2005 875 2045 Par.
899 2011 935 2045 1.
957 2011 997 2045 2.
1020 2021 1074 2044 ex
1094 2007 1316 2044 mutatione.
1373 2003 1480 2043 Mihi

3 2082 7 2132 J
35 2086 72 2114 et
98 2085 191 2114 mut.
223 2088 364 2113 verum
391 2073 570 2124 videtur,
612 2073 719 2127 quod
740 2077 937 2126 pertineat
965 2073 1016 2112 ad
1043 2073 1086 2112 id
1115 2072 1222 2128 quod
1245 2075 1424 2127 sequitur
1443 2081 1480 2110 et

4 2138 7 2181 ἰ
32 2141 310 2193 translatione,
353 2149 392 2180 et
419 2142 474 2179 sic
503 2149 560 2180 est
586 2143 630 2179 iu
649 2139 775 2180 Amb.
799 2146 838 2181 2.

146 2211 179 2264 ᾗ.
212 2214 250 2250 9.
309 2224 456 2263 quoque
490 2218 545 2246 est
583 2224 705 2248 omne.
766 2206 893 2249 Aan.
926 2212 964 2249 1.
1002 2207 1155 2263 quidem
1194 2223 1316 2248 omne.
1384 2206 1480 2248 Post

4 2276 7 2323 ι’,
32 2279 142 2319 idem
179 2279 433 2332 concepimus.

0 2355 7 2401 ,4
141 2347 178 2399 §.
212 2351 278 2386 12.
337 2346 461 2384 novis.
508 2341 635 2383 Aan.
664 2347 703 2384 1.
732 2343 856 2383 nobis.

145 2415 178 2468 ξ.
209 2417 276 2454 13.
336 2423 371 2451 et
394 2421 514 2451 recia.
568 2409 732 2451 Absunt
751 2411 850 2451 haec
881 2414 928 2450 ab
962 2409 1085 2451 Amb.
1109 2415 1146 2451 1.

146 2482 179 2535 ᾗ.
213 2485 278 2520 16.
339 2477 605 2521 Cloantillam.
660 2477 739 2519 Pro
766 2479 948 2519 inaudito
974 2481 1139 2518 nomine
1168 2491 1332 2528 verum,
1366 2478 1476 2533 quod

6 2541 7 2544 Ἰ
34 2549 99 2588 vel
119 2550 343 2598 conjectura
363 2550 464 2588 effici
483 2549 637 2600 potuit,
671 2546 834 2586 exhibet
851 2545 977 2587 Amb.
1005 2552 1040 2587 1.
1062 2545 1324 2586 Domitillam.
1361 2543 1476 2585 Idem

33 2623 168 2655 tamen
189 2617 291 2656 infra
307 2613 389 2669 IX,
409 2621 450 2668 2,
471 2620 525 2655 20
559 2617 629 2654 ubi
649 2617 768 2668 vulgo
789 2630 864 2669 pro
889 2613 1100 2655 Cloantilla
1124 2617 1291 2668 legitur,
1321 2612 1473 2668 proclo,
