1721 2974
81 221 89 229 ,
142 193 195 230 36
581 188 855 245 Supplementa
884 189 1150 229 annotationis

145 300 232 342 ead.
277 300 310 342 Γ
313 316 366 341 ar.
401 308 438 342 1.
498 305 592 356 quia
628 302 713 344 ead.
758 303 847 343 l'ar.
878 308 919 343 2.
959 300 1068 341 Jens.
1110 309 1151 342 et
1179 299 1270 340 edd.
1300 308 1464 353 posterr.
1493 309 1586 340 ante

143 368 300 424 Gryph.
358 372 450 423 quia
490 372 531 408 in
568 370 654 411 carl.
687 369 824 410 Turio.
855 384 879 409 a
906 383 962 408 m.
992 383 1071 409 sec.
1185 371 1344 422 itaque5
1380 371 1436 407 ita
1464 370 1587 408 etiam

143 435 283 477 Turio.
317 452 338 476 a
371 453 428 490 pr.
461 452 540 490 m.7
580 440 672 477 fort.
704 437 809 476 Flor.
867 439 1002 489 utique
1030 434 1170 476 TurIc.
1201 451 1224 475 a
1250 451 1305 475 m.
1336 451 1414 475 sec.
1446 433 1585 487 Camp-

142 505 233 544 fort.
265 503 391 544 Amb.
417 510 454 544 1.
572 504 698 544 cludet
726 507 847 542 etiam
877 500 1044 555 Turic.;
1080 502 1188 544 Flor.
1218 506 1299 544 ita:
1331 502 1480 542 claudit
1498 517 1586 542 voc.

140 588 251 610 suam
278 571 347 610 lat.
397 571 519 611 Paris.
551 577 588 611 1.
621 578 647 611 2
678 570 839 610 claudit.

258 643 293 691 §.
328 644 394 679 32.
453 641 716 678 miotacismos
747 636 875 678 Amb.
911 643 947 678 1.
1005 640 1274 678 miotacismus
1304 635 1445 677 Turio.
1479 635 1587 676 Flor.

143 709 342 746 constanti
379 722 532 758 errorez,
580 707 678 744 haec
711 707 859 743 omnia
904 707 1039 743 latinis
1075 708 1216 745 litteris
1255 707 1433 745 scribunt
1469 704 1591 742 multi

142 775 258 814 codd.
290 783 329 813 et
355 775 444 813 edd.

256 846 291 894 §.
325 847 389 881 33.
450 836 728 878 inenarrabiles
752 838 873 875 etIam
903 833 1041 876 Tufic-
1072 836 1179 876 Flor.
1206 835 1351 890 vCamp.
1372 834 1463 876 Par..
1487 839 1527 874 a.
1550 838 1588 873 6;

142 908 214 958 (1.
239 914 278 948 2.
302 908 464 948 Pottier.
494 910 536 943 iu
567 904 691 957 edit.)
721 906 812 943 fort.
843 902 968 942 Amb.
990 912 1027 944 1.
1088 903 1384 943 innumerabiles
1410 902 1519 944 Jens.
1551 910 1591 940 et

142 975 232 1014 edd.
262 985 423 1027 posterr.
456 981 547 1012 aute
576 970 688 1011 Sich.
804 971 941 1024 quibus
973 988 1164 1026 notmunq.
1207 974 1257 1012 cf.
1290 973 1412 1025 praef.
1442 972 1538 1011 Vol.
1569 971 1590 1009 I

139 1057 229 1094 pag.
261 1039 468 1080 LXXVI.
586 1038 632 1077 de
662 1039 798 1093 quibus
819 1055 939 1092 supra
968 1041 1090 1078 etiam
1109 1037 1246 1079 Turio.
1264 1038 1371 1079 Flor.
1394 1036 1522 1078 Amb.
1548 1041 1587 1075 1.

145 1107 286 1161 Camp.
319 1110 426 1148 Jens.
460 1117 499 1147 et
527 1107 617 1146 edd.
648 1116 812 1159 posterr.
848 1115 939 1145 ante
971 1095 1129 1160 Gryph.⁴
1242 1106 1339 1145 dixi
1366 1105 1494 1146 Amb.
1520 1109 1558 1144 1.

252 1180 286 1226 §.
319 1176 386 1214 34.
434 1175 608 1214 vocibus.
646 1173 848 1213 vocabulis
869 1172 987 1214 Bodl.
1030 1172 1247 1213 Accedunt
1267 1171 1406 1213 Turio.
1433 1171 1587 1224 Camp„

141 1245 212 1296 qul
245 1242 342 1281 dant
369 1241 585 1282 vocalibus.
702 1251 890 1281 contextu
928 1251 994 1280 aut
1025 1244 1153 1281 omitt.
1183 1243 1268 1281 sine
1298 1241 1419 1280 dubio
1447 1237 1586 1278 Turic-

138 1308 244 1349 Flor.
278 1307 414 1349 'Amb.
454 1314 490 1349 1.
536 1308 676 1362 Camp.
695 1341 705 1359 ‚
756 1325 777 1347 e
818 1311 961 1363 quibus
990 1312 1157 1349 varietas
1186 1312 1300 1348 nulla
1327 1315 1586 1358 memoratur,

140 1380 331 1416 omittunt
360 1391 501 1429 porro,
535 1375 728 1416 Pottierio
757 1377 898 1416 diserte
928 1385 1122 1427 testante,
1163 1376 1287 1416 Paris,
1321 1381 1357 1415 1.
1394 1379 1432 1414 3.
1493 1390 1588 1414 con-

137 1454 253 1483 iextu
279 1443 343 1482 vel
370 1444 529 1482 additur
556 1445 601 1481 in
629 1442 753 1483 Paris.
775 1449 813 1484 2.

251 1515 286 1564 §.
320 1516 387 1552 35.
446 1512 506 1550 sic
535 1510 682 1558 reddit,
723 1522 777 1549 ut.
836 1511 924 1550 Hoc
953 1513 1041 1551 loco
1071 1520 1177 1550 recte
1197 1510 1327 1550 haesit
1348 1510 1584 1563 Spalding.;

138 1594 230 1618 ecce
271 1579 474 1618 medelam
512 1579 626 1617 aflert
663 1577 790 1618 Amb.
823 1584 885 1618 1.:
931 1581 983 1617 sit
1014 1579 1238 1626 redditura,
1277 1588 1344 1629 νη
1379 1578 1488 1619 idem
1518 1578 1587 1616 dat

137 1645 245 1686 Flor.
289 1661 312 1685 a
349 1662 404 1685 m.
445 1661 522 1685 sec.
559 1644 661 1698 (nisi
701 1647 811 1700 quod
851 1656 916 1685 aut
953 1649 1118 1701 reliquit
1157 1654 1373 1697 corrector3
1423 1650 1479 1685 sit
1505 1648 1586 1697 jam

137 1722 221 1753 erat
251 1728 273 1752 a
301 1729 359 1766 pr.
389 1713 487 1766 m.).
549 1711 724 1752 Accedit
760 1711 899 1753 Turio.
933 1729 956 1753 a
985 1730 1046 1768 pr.
1077 1728 1161 1754 m.:
1206 1715 1264 1752 sic
1295 1713 1474 1752 redditur
1501 1724 1582 1765 aut,

137 1790 177 1820 et
213 1784 296 1833 ipse
337 1778 500 1820 Guelf.:
560 1783 595 1818 si
633 1781 804 1819 creditur
840 1792 920 1821 aut.
1045 1781 1250 1838 manffesie
1291 1780 1486 1820 calumnia
1528 1791 1584 1819 est

137 1846 262 1899 Obr.3
306 1848 514 1904 mangfcste
545 1850 700 1902 aliquot
729 1849 843 1888 codd.
879 1858 919 1888 et
947 1851 1063 1900 edd.‚
1112 1865 1132 1887 e
1163 1850 1306 1902 quibus
1336 1857 1393 1888 est
1415 1847 1581 1901 Camp.;

133 1916 203 1954 sed
231 1925 431 1969 receptam
457 1925 592 1956 tuetur
619 1915 744 1956 Amb.
772 1921 808 1955 1.
848 1926 889 1957 et
926 1920 994 1955 alii
1031 1918 1221 1969 profecto.
1337 1926 1393 1954 est
1422 1931 1585 1970 separa-
1646 1948 1648 1950 K

131 1992 213 2020 ium
244 1979 381 2021 Turic.
415 1981 523 2022 Flor.
554 1981 679 2021 Amb.
706 1987 743 2022 1.
778 1982 917 2036 Camp.
943 1983 1066 2022 Paris.
1089 1989 1128 2021 3.
1152 1989 1190 2022 5.
1224 1981 1298 2035 (in
1329 1987 1367 2021 1.
1390 1991 1429 2020 et
1445 1987 1486 2022 2.
1509 1997 1583 2021 au-

130 2058 212 2088 tem
244 2066 372 2104 ηραν.
406 2049 502 2102 est.)
560 2051 773 2100 separatim
799 2060 855 2087 est
886 2048 998 2088 Sich.

242 2121 278 2169 §.
312 2121 378 2157 36.
438 2118 497 2156 uti
523 2118 561 2155 si
591 2132 708 2154 unum
734 2113 875 2156 Tus-ic.
905 2115 1013 2156 Flor.
1047 2114 1187 2168 Camp.
1221 2123 1261 2154 et
1291 2114 1380 2155 edd.
1412 2124 1576 2169 posterr.

131 2192 223 2223 ante
259 2182 371 2225 Sich.
487 2184 536 2222 ab
572 2185 836 2236 interrogante
872 2182 1011 2223 Turio.
1055 2187 1162 2224 Flor.
1202 2180 1328 2222 Amb.
1365 2187 1402 2222 1.
1442 2180 1578 2223 Guelf.

129 2250 275 2290 Joann.
303 2250 421 2291 Voss.
446 2256 483 2291 1.
519 2250 641 2291 Bern.
674 2249 815 2304 Camp.
847 2250 956 2291 Jens.
990 2260 1029 2291 et
1056 2251 1145 2290 edd.
1166 2260 1330 2304 posterr.
1351 2260 1443 2291 ante
1463 2251 1575 2293 sich,

212 2317 313 2356 illud
352 2318 454 2357 idem
493 2316 616 2359 Goth.
658 2334 751 2358 cum
788 2318 896 2359 Jens.
938 2327 977 2358 et
1019 2319 1108 2358 edd.
1149 2327 1311 2371 posterr.
1342 2328 1434 2359 ante
1463 2318 1575 2361 Sich.

132 2383 234 2423 ilem
263 2384 365 2423 illud
392 2385 516 2426 Paris.
543 2391 583 2426 2.

243 2455 279 2503 §.
309 2456 374 2493 37.
431 2470 546 2508 posse
582 2456 710 2494 omitt.
751 2456 871 2493 etiam
899 2452 1038 2494 Turio.
1069 2452 1176 2493 Flor.
1207 2451 1332 2494 Amb.
1355 2457 1391 2492 1.
1421 2451 1512 2494 Par.
1536 2459 1573 2496 1.

133 2523 170 2558 6.
212 2517 329 2571 (cum
356 2530 514 2561 servent
542 2527 582 2562 2.
604 2519 670 2577 5.)
701 2520 840 2575 Camp.
956 2523 1207 2576 significatur
1235 2523 1357 2560 etiam
1387 2519 1526 2575 Camp.

244 2591 279 2639 §.
309 2592 374 2628 38.
429 2588 494 2627 Fit
524 2589 620 2643 aliq.
683 2591 735 2628 sit
772 2589 866 2644 aliq.
913 2587 1051 2629 Turio.
1081 2587 1187 2628 Flor.
1218 2587 1343 2629 Amb.
1369 2594 1405 2629 1.
1437 2587 1571 2630 Guelf-

132 2653 271 2708 Camp.
301 2652 401 2695 Ald.
431 2657 547 2696 bene.
664 2672 732 2697 nec
758 2655 832 2697 hoc
848 2656 957 2713 fecit
987 2654 1126 2698 Tmic.
1154 2654 1262 2697 Flor.
1282 2654 1398 2697 Bodl.
1421 2655 1568 2698 Baliol.
