1721 2974
370 152 424 194 αιῖ
455 151 620 205 Quintil.
651 150 781 192 Instit.
822 149 899 199 VI,
931 154 970 190 3.
999 149 1036 202 §.
1057 153 1256 190 21—32.
1456 154 1536 190 331

84 284 169 309 nus·
280 270 345 308 iis.
401 267 527 307 Amb.
564 272 601 307 1.
634 264 744 307 Flor.
775 266 897 306 etiam
926 265 974 303 is.
1091 264 1298 315 contingit.
1342 260 1465 304 Amb.
1497 269 1536 305 1.

86 339 207 376 etiam
239 338 418 389 contigit.
473 342 479 347 '

197 404 234 454 §.
265 409 332 445 27.
390 402 596 442 lascivum.
655 400 795 442 Turio.
836 417 860 441 a
887 415 948 454 pr.
978 414 1034 440 m.
1066 397 1286 439 lascivium.
1405 410 1439 439 et
1469 400 1538 443 hil.

86 467 210 512 Goth.
249 471 366 512 Ahn.
405 469 524 510 Voss.
567 468 709 522 Steph.
755 479 823 508 aut
864 469 900 508 lz.
1014 466 1130 506 Junii.
1188 465 1299 507 Flor.
1331 468 1427 506 iani.

89 537 230 579 Cassii.
278 539 417 580 Turio.
449 554 472 578 a
502 554 562 592 pr.
594 553 650 576 m.
685 540 824 576 cassis.
929 536 1019 576 lene.
1071 532 1206 575 Guelf.
1237 534 1347 575 Jens.
1379 544 1419 575 et
1448 536 1540 577 edd.

86 592 179 646 anto
210 605 363 648 Cervic.
396 605 490 647 leve.
601 605 772 644 Domitii
798 602 913 660 Afri.
971 602 1099 644 Amb.
1124 607 1161 643 1.
1192 601 1330 643 Turio.
1362 618 1382 643 a
1404 619 1463 657 pr.
1485 619 1540 643 m.

86 672 226 714 domiti
251 678 353 730 apri.
456 674 519 713 his
548 673 631 713 ubi.
690 671 801 713 Jens.
833 681 873 712 et
904 671 996 711 edd.
1028 680 1121 711 ante
1153 669 1266 711 Sich.
1297 673 1348 710 iis
1377 672 1457 712 ubi.

86 752 233 783 utatur.
293 742 431 782 Turio.
472 757 494 781 a
521 758 581 795 pr.
612 755 669 780 m.
710 739 820 780 Flor.
862 749 1035 778 utantur.
1161 739 1415 781 convictibus.
1475 740 1547 781 Sia

85 811 207 848 etiam
234 808 342 850 Flor.
373 810 464 851 Par.
489 814 528 849 1.
646 807 812 848 lasciva.
868 806 992 847 Amb.
1018 811 1057 847 1.
1089 806 1271 847 lascivia.
1386 807 1547 848 humili-

86 875 170 920 bus.
226 875 354 919 Amb.
386 883 425 918 1.
456 875 490 917 F
492 880 566 917 lor.
598 874 773 915 humilis.
890 873 1054 914 hilaria.
1114 872 1248 915 Guelf.
1277 874 1433 930 hylam.

85 947 320 983 convenient.
370 944 439 991 Sic
469 948 593 985 etiam
621 943 748 984 Amb.
783 948 821 983 1.
863 941 975 983 Flor.
1005 941 1096 982 Par.
1122 947 1161 982 1.
1182 948 1222 982 2.

197 1015 234 1064 §.
266 1017 336 1053 28.
395 1029 555 1068 propos.
593 1012 650 1052 ill.
720 1009 832 1051 Flor.
879 1009 1022 1063 Camp.
1066 1011 1092 1048 i.
1127 1025 1167 1063 p.
1295 1026 1411 1065 quam
1449 1011 1546 1052 dict.

85 1076 224 1119 Tmic.
255 1097 366 1134 quem
395 1080 435 1122 ἅ.
548 1078 750 1135 perdendi.
807 1077 876 1139 Eg:
891 1076 1019 1117 Amb.
1044 1081 1084 1117 1.
1104 1086 1144 1116 et
1164 1075 1199 1117 F
1199 1080 1274 1118 lor.
1304 1078 1412 1117 nihil
1431 1093 1454 1117 a
1475 1095 1548 1119 ve-

86 1155 170 1185 tere
209 1151 403 1201 scriptura
441 1147 652 1202 (perdidi)
701 1148 904 1186 diversum
950 1153 1160 1184 enotatum
1199 1154 1281 1195 est,
1331 1160 1408 1186 nec
1448 1162 1547 1200 opus

87 1215 245 1254 videtur
285 1219 494 1269 corrigere.
600 1214 775 1271 forensi.
834 1213 973 1253 Turio.
1012 1211 1122 1253 Flor.
1165 1216 1287 1253 etiam
1303 1213 1547 1270 forensium.

171 1281 302 1323 licere.
361 1282 430 1324 Sic
462 1286 584 1323 etiam
615 1281 727 1323 Sich.
783 1278 842 1321 At
879 1279 914 1321 F
916 1283 991 1321 lor.
1037 1279 1179 1321 dicere.
1295 1298 1546 1336 quamquam.

86 1348 212 1390 Amb.
248 1356 286 1391 1.
327 1350 436 1391 Flor.
479 1351 570 1392 Par.
607 1356 646 1391 1.
676 1355 717 1390 2.
767 1351 891 1388 etiam
940 1364 1228 1403 nonnunquam.
1367 1349 1549 1392 alterius.

87 1415 228 1457 Turio.
261 1435 287 1458 a
317 1418 472 1460 litteris.
581 1421 694 1472 juste.
752 1415 860 1457 Flor.
892 1419 1013 1456 etiam
1037 1418 1124 1456 iste.
1180 1415 1309 1458 Amb.
1334 1421 1372 1458 1.
1391 1419 1551 1458 videtur

83 1488 185 1539 juste
218 1486 433 1538 exhibere,
481 1501 613 1541 neque
645 1487 755 1525 enim
784 1485 1008 1540 quidquam
1036 1493 1217 1525 notatur.
1330 1496 1406 1540 pet.
1438 1502 1548 1526 conc.

88 1558 151 1596 sit.
208 1553 317 1595 Flor.
352 1554 495 1609 Camp.
538 1571 647 1594 conc.
687 1555 752 1593 sit.
789 1563 868 1608 pet.
982 1555 1206 1593 insectatio.
1264 1552 1403 1594 Turio.
1435 1569 1458 1594 a
1486 1570 1551 1608 pl·-

87 1638 143 1664 m.
174 1621 285 1663 Flor.
316 1621 432 1663 Alm.
463 1625 517 1662 eis
547 1624 725 1662 sectatio.
843 1622 938 1674 quia
968 1619 1095 1674 culpa.
1152 1619 1278 1661 Ajnb.
1303 1626 1341 1662 1.
1382 1621 1485 1677 quocl
1516 1639 1550 1662 c.

169 1693 261 1745 quia
292 1707 368 1731 rec,
425 1689 554 1731 Amb.
579 1696 617 1730 1.
651 1687 757 1744 quod
788 1705 818 1728 r.
934 1687 1118 1728 recidere.
1177 1686 1303 1730 Amb.
1341 1694 1379 1731 1.
1411 1689 1549 1730 Turio.

86 1756 120 1799 F
122 1761 197 1798 lor.
230 1758 370 1799 redire.
445 1791 450 1799 .
471 1768 506 1796 et
531 1761 572 1797 in
593 1774 683 1813 qua.
732 1755 856 1796 Amb.
879 1761 916 1796 1.
948 1754 983 1796 F
984 1759 1060 1797 lor.
1086 1756 1198 1797 Sich.
1233 1760 1427 1799 omittunt
1448 1773 1553 1814 quo-

87 1842 168 1882 que
198 1836 249 1866 et.
363 1829 404 1865 in
435 1842 559 1880 quem.
616 1823 742 1866 Amb.
767 1830 806 1865 1.
836 1827 878 1864 in
907 1841 1019 1879 quae.

203 1895 240 1945 §.
272 1898 340 1934 29.
396 1896 539 1933 mimis.
587 1891 698 1933 Flor.
720 1895 842 1931 etiam
864 1894 1052 1932 minimis.
1165 1891 1360 1934 scurrilis.
1410 1891 1550 1933 Tusic.

90 1978 113 2002 a
133 1977 194 2015 pr.
217 1976 275 2001 m.
305 1963 505 2001 scut-riri&
554 1958 676 2000 Goth.
707 1958 909 1999 scut-ralis.
961 1958 1102 2013 Camp.
1133 1960 1302 1999 scm-ilis.
1418 1960 1550 2013 objici.

89 2029 229 2070 Turic.
269 2027 379 2069 Flor.
425 2028 545 2068 abici.
606 2025 730 2067 Goth.
764 2027 880 2067 obici.
994 2029 1036 2066 in
1056 2030 1164 2081 joco.
1223 2027 1350 2068 Amb.
1373 2033 1413 2068 1.
1445 2043 1467 2067 a
1487 2043 1550 2081 pr.

89 2113 146 2139 m.
177 2096 288 2138 Flor.
325 2097 413 2137 Par.
447 2102 484 2136 1.
515 2098 556 2135 in
588 2094 699 2144 loco,
736 2096 809 2135 sed
835 2097 984 2148 optime
1011 2096 1244 2137 emendavit
1274 2095 1552 2150 Spaldingius.

179 2163 476 2220 exprobranda.
537 2162 662 2204 Goth.
693 2162 1029 2217 exprobrandum.

205 2236 243 2286 ᾗ.
277 2237 344 2273 31.
402 2235 444 2272 in
471 2234 602 2272 miser.
662 2230 788 2272 Amb.
810 2235 847 2270 1.
878 2245 959 2271 om.
989 2233 1041 2270 in.
1141 2230 1264 2289 firet.
1321 2230 1553 2288 Flor.fere.

206 2303 246 2352 §.
279 2306 346 2341 32.
404 2299 598 2340 accidere.
644 2298 678 2339 F
680 2302 756 2339 lor.
787 2297 980 2338 accedere.
1076 2298 1360 2340 adversarium.
1411 2299 1552 2340 Turio.

93 2385 118 2409 a
143 2385 205 2423 pr.
236 2385 293 2410 m.
333 2366 474 2422 Camp.
511 2370 741 2408 versarium.
859 2369 929 2407 ait.
988 2365 1057 2408 Sic
1096 2366 1219 2409 Amb.
1254 2373 1294 2408 1.
1332 2377 1399 2407 aut
1430 2370 1554 2409 etiam

93 2436 200 2478 Flor.
318 2436 472 2476 habere.
533 2435 656 2477 Goth.
688 2438 846 2476 omittit.
905 2435 1043 2476 Tul-ic.
1077 2451 1100 2475 a
1121 2452 1199 2477 sec.
1221 2452 1276 2476 m.
1310 2432 1447 2476 Guelf.
1478 2435 1553 2473 ἦα-

97 2504 211 2546 heret.
318 2505 420 2545 hom.
444 2507 516 2544 cui.
563 2504 632 2545 Sic
653 2507 776 2544 etiam
805 2502 930 2544 Amb.
952 2508 988 2544 1.
1017 2503 1124 2545 Flor.
1230 2503 1351 2561 Afer,
1383 2502 1456 2542 Eae
1478 2504 1551 2542 tui.

95 2570 220 2611 Amb.
247 2577 282 2612 1.
320 2587 343 2612 a
372 2588 432 2625 pr.
463 2587 519 2612 m.
558 2573 612 2611 A.
645 2587 699 2611 ex
726 2582 776 2611 tu.
806 2562 908 2611 ¹cum
947 2571 1058 2617 Flor.⁴
1119 2572 1255 2614 Etiam
1294 2570 1406 2613 Sich.
1437 2570 1490 2611 A.
1515 2580 1552 2608 et

98 2649 149 2679 τω.
263 2643 344 2694 inq.
376 2643 506 2680 animi.
566 2640 633 2681 Sic
665 2642 786 2680 etiam
814 2639 937 2680 Amb.
961 2646 998 2680 1.
