1721 2974
402 177 456 218 ad
486 176 659 231 Quintil.
691 177 824 219 Insiii.
856 176 892 228 I,
923 181 963 221 5.
1003 182 1039 233 ξ.
1072 184 1243 226 9-19,
1500 191 1553 231 33

91 288 272 344 scripsit)
302 306 428 331 manu
458 293 634 345 legitur:
667 295 919 332 trasimenum
945 308 1021 346 pro
1051 296 1277 334 tarsimeno.
1396 314 1438 337 eo
1469 314 1549 344 om,

92 356 231 398 Turic.
280 358 386 400 Flor.
434 374 456 398 a
505 375 565 412 pr.
603 375 659 400 m.
701 357 811 400 Alm.
921 358 1083 416 falsum
1124 375 1202 400 om.
1246 364 1368 402 etiam
1408 363 1548 409 Turio.

90 424 198 467 Flor.
231 425 355 467 Amb.
383 431 419 466 1.
452 425 543 466 Par.
566 431 605 465 2.
631 432 668 467 6.
712 427 777 485 (2.
799 429 839 468 4.
864 431 902 469 5.
933 426 1040 468 Pott.
1061 430 1105 466 in
1131 429 1246 483 edit.)
1280 428 1420 485 Camp.
1453 438 1550 474 reti-

89 502 160 533 net
188 503 323 533 tamen
354 494 444 535 Par.
475 499 512 534 1.

205 561 238 612 ᾗ.
273 562 339 602 14.
403 562 496 616 [De
526 566 816 617 significatione
858 565 964 603 vocis
993 579 1125 618 perus
1154 563 1415 619 Spaldingius
1451 583 1551 607 con-

87 628 181 665 ferri
218 629 382 678 jubebat
418 629 600 670 Persium
634 636 673 681 1,
705 635 755 671 15
799 631 850 669 ad
891 646 1064 686 eumque
1094 635 1230 671 locum
1263 632 1548 676 casaubonum

88 703 129 734 et
162 693 289 736 Cicer.
322 699 366 735 in
398 697 515 738 Catil.
549 697 602 747 Π,
637 704 703 746 10,
739 698 840 746 24.]

199 766 235 813 §.
272 767 337 802 15.
399 772 435 800 ct
465 772 557 801 ante
588 762 720 817 pondo
762 778 842 802 om.
874 763 997 804 Amb.
1026 770 1088 814 1.,
1140 775 1187 806 ut
1231 771 1361 808 voluit
1392 768 1548 811 Gesne-

85 843 176 880 rus3
237 843 339 867 num
379 838 472 869 ante
523 829 602 868 dua
641 832 820 878 omittat,
871 845 956 870 nou
999 843 1257 875 memoratur.
1327 835 1546 880 Silentium

87 895 334 950 Spaldingii,
387 899 457 951 qui
499 898 561 937 ed.
604 895 826 951 Campani,
884 908 924 938 et
972 915 1134 952 eorum,
1183 905 1255 956 qui
1296 901 1396 946 Tur.
1436 905 1543 948 Flor.

88 967 370 1014 contulerunt,
422 967 540 1016 facit,
592 974 638 1004 ut
673 958 853 1019 primum
891 976 926 1003 ct
964 969 1007 1004 in
1039 971 1224 1008 omnibus
1256 985 1338 1010 esse
1370 975 1545 1025 credam,

85 1041 126 1072 et
154 1033 297 1072 diserte
326 1035 407 1085 legi
436 1035 480 1071 in
507 1031 633 1073 Paris.
658 1039 695 1074 1.
716 1040 756 1074 2.
787 1035 970 1074 traditur.

200 1104 236 1154 ξ.
277 1104 343 1140 16.
402 1100 590 1157 forsitan
630 1099 770 1142 Turio.
812 1101 920 1143 Flor.
971 1100 1094 1143 Amb.
1128 1107 1166 1143 1.
1212 1102 1353 1158 Camp.
1471 1125 1547 1149 non

84 1177 177 1207 ante
220 1167 385 1206 habeant
435 1171 540 1207 male
593 1172 786 1210 omittunt
827 1168 967 1210 Turio.
1009 1169 1117 1210 Flor.
1155 1168 1278 1212 Amb.
1317 1177 1354 1213 1.
1393 1173 1543 1218 Joann.

84 1234 233 1276 Baliol.
277 1234 394 1276 Voss.
430 1241 467 1276 1.
503 1241 542 1276 3.
584 1234 708 1277 Bern.
753 1235 888 1277 Guelfi
928 1236 1053 1278 Paris.
1090 1243 1127 1278 1.
1161 1243 1200 1278 2.
1246 1238 1388 1294 Camp,
1429 1240 1542 1285 Alm,

83 1300 214 1343 Andr.

198 1374 234 1423 §.
270 1375 336 1410 17.
390 1370 594 1425 διαίρεσις
635 1387 715 1412 om.
760 1374 883 1411 etiam
917 1369 1056 1411 Turio.
1088 1370 1196 1411 Flor.
1229 1370 1353 1414 Paris.
1378 1380 1416 1416 1.
1438 1383 1477 1418 2.
1502 1384 1540 1420 6.

86 1435 256 1491 Camp.‚
306 1441 423 1493 eique
454 1441 702 1478 substituunt
734 1438 889 1478 divisio.
1008 1438 1193 1493 Europae
1222 1450 1257 1477 ct
1283 1441 1438 1495 Asiae5
1486 1449 1543 1486 sic

85 1503 226 1546 Turio.
258 1505 366 1546 Flor.
402 1505 543 1559 Camp.
604 1506 789 1561 Europae
810 1507 941 1546 Asiae
972 1505 1063 1546 Par.
1089 1511 1126 1546 1.
1150 1512 1190 1546 2.
1215 1512 1253 1547 6.
1285 1508 1347 1560 (ut
1368 1508 1541 1566 Guelf.).

82 1571 238 1613 Totum
266 1576 404 1613 locum
431 1577 486 1613 ita
517 1574 683 1614 exhibet
711 1573 834 1614 Amb.
861 1579 898 1614 1.
934 1589 956 1613 a
985 1590 1044 1627 pr.
1076 1589 1161 1614 m.:
1202 1585 1244 1613 ut
1278 1575 1385 1616 divis
1413 1590 1449 1617 et
1476 1598 1543 1620 eu—

83 1658 209 1696 ropa,
261 1640 340 1680 lais
381 1646 443 1693 ci‚·
494 1657 516 1681 a
562 1632 618 1682 m.
659 1658 764 1682 sec.:
815 1641 919 1681 velut
959 1642 1112 1682 divisio
1153 1659 1298 1697 europa
1342 1656 1379 1684 et
1419 1651 1538 1690 asiae.

81 1708 176 1763 [Cf.
211 1707 447 1750 Ciceronem
475 1713 519 1748 in
551 1709 667 1750 Orat.
702 1711 770 1752 49.
804 1715 839 1764 §.
867 1714 946 1749 163
978 1712 1050 1748 ubi
1074 1725 1216 1749 censeo
1249 1712 1541 1772 ...fincgifhra

79 1788 116 1816 ct
139 1777 259 1834 feria
296 1794 395 1817 arva
430 1779 556 1818 Asia?
591 1781 735 1818 veteris
775 1784 919 1832 poetae
959 1781 1061 1831 epici
1100 1793 1259 1818 versum
1291 1796 1394 1833 esse,
1445 1799 1538 1824 ver-

76 1848 255 1901 bumque
277 1856 375 1885 tenet
395 1862 416 1886 a
442 1846 634 1887 Cicerone
656 1847 853 1886 additum.
917 1845 1153 1899 Cogitabam
1173 1849 1392 1902 aliquando
1416 1855 1536 1893 etiam

78 1914 126 1952 de
154 1929 295 1965 versu,
336 1917 405 1969 qui
437 1915 545 1968 apud
573 1913 802 1954 Martialem
822 1917 971 1968 legitur
1001 1913 1534 1974 ter-r·a'z'fi⁴ugifi:1·a'z'Epig1-,

77 1977 159 2031 XI,
192 1984 259 2030 91,
293 1985 316 2020 5
359 1996 452 2020 cum
492 1982 574 2021 hoc'
602 1981 867 2022 Ciceroniano
901 1981 1196 2034 componendo,
1237 1991 1284 2021 ut
1299 1983 1541 2043 fimgfira'i

74 2047 201 2089 Asia?
225 2048 482 2097 scriberetur,
530 2047 600 2086 sed
631 2047 764 2086 destiti
791 2047 976 2099 tamen.]

187 2119 223 2168 §.
260 2119 325 2154 18.
391 2112 485 2153 Cum
525 2124 571 2152 10.
634 2115 737 2153 Tum
764 2126 801 2153 te
830 2113 970 2155 Turio.
1010 2114 1118 2156 Flor.
1159 2113 1282 2156 Amb.
1315 2122 1352 2157 1.
1395 2117 1530 2162 Guelf.

78 2184 148 2239 (in
174 2183 253 2222 hoc
286 2181 425 2235 Spald.
459 2189 601 2233 negat,
651 2185 867 2222 internosci
898 2192 1081 2222 accurate
1111 2199 1246 2236 posse,
1289 2194 1378 2225 utro
1408 2189 1531 2229 modo

73 2255 267 2305 scriptum
297 2251 386 2302 sit).
418 2247 529 2288 Alm.
551 2248 673 2289 Bern.
698 2252 840 2303 Camp.
931 2250 958 2288 Ιι
986 2253 1031 2288 in
1060 2249 1263 2290 Phaethon
1295 2267 1376 2293 om.
1410 2258 1531 2296 etiam

73 2319 182 2361 Flor.
224 2318 323 2373 (qui
357 2319 426 2357 dat
460 2317 656 2371 plzoeton)
697 2318 864 2370 Camp.;
920 2319 1066 2356 retinet
1095 2314 1234 2358 Turio.
1271 2319 1527 2378 (phoetkon).

156 2398 200 2426 ut
230 2395 323 2426 ante
361 2386 484 2424 Unius
514 2400 592 2425 om.
627 2382 767 2424 Turio.
799 2384 907 2425 Flor.
940 2382 1063 2424 Amb.
1090 2389 1126 2424 1.
1162 2383 1305 2439 Camp.

185 2459 221 2508 §.
257 2459 323 2495 19.
384 2464 461 2505 est,
510 2469 586 2492 non
628 2462 732 2492 nota.
802 2451 871 2492 Sic
920 2455 1042 2491 etiam
1084 2449 1225 2506 Camp.
1264 2452 1356 2495 Par.
1389 2461 1428 2497 1.
1463 2463 1528 2511 6.,

71 2523 186 2564 haud
214 2523 334 2562 dubie
362 2520 470 2562 Flor.
503 2518 626 2560 Amb.
656 2524 692 2559 1.
725 2523 796 2574 qui
825 2522 1007 2559 silentur.
1069 2529 1146 2570 cst,
1188 2537 1264 2560 non
1291 2533 1427 2562 notata
1458 2525 1529 2579 (ut

71 2591 192 2632 Voss.
213 2588 282 2643 2.)
311 2589 401 2630 Par.
424 2596 463 2630 2.
528 2587 722 2642 [Sarpius
740 2585 863 2628 Aual.
891 2603 930 2641 p.
953 2588 1007 2627 47
1037 2588 1221 2628 adversus
1241 2587 1527 2645 Spaldingium

70 2673 143 2714 pro
194 2656 371 2700 Gesnero
419 2659 617 2712 disputat,
669 2665 708 2697 et
744 2659 828 2710 ipse
867 2658 968 2696 falsa
1016 2656 1204 2697 inductus
1244 2659 1434 2711 opinione
1473 2661 1524 2700 de

116 2740 226 2788 Τοηι..
243 2737 286 2772 V.
1029 2721 1062 2763 C
