1721 2974
369 213 424 254 (1τῖ
456 211 622 268 Quintil.
652 212 783 253 Instit.
814 210 895 280 IV,
927 216 964 252 1.
1008 211 1047 262 §0
1076 215 1250 253 8-18,
1457 217 1538 255 175

81 329 192 371 Sich.
254 331 323 384 qui
351 328 462 370 Jens.
493 327 615 368 Tarv.
647 325 748 368 Loc.
778 325 888 367 Ven.
991 328 1080 366 sint.
1140 335 1230 365 sunt
1257 323 1399 379 Camp.
1443 341 1536 366 cum

78 401 208 448 Voss„
238 402 275 438 1.
403 413 489 437 cum
525 406 678 436 auctor.
749 405 830 434 tum
868 405 972 434 auct.
1012 395 1103 434 edd.
1143 402 1236 433 ante
1275 391 1405 442 Bad.‚
1447 409 1537 435 exc.

79 465 223 520 Camp.
350 475 566 504 oratorum.
636 473 842 503 auctorum
890 463 998 504 edd.v
1033 471 1126 502 ante
1175 460 1402 513 Stoerimn,
1448 477 1538 502 exc.

79 534 247 587 Camp.;
282 533 400 573 codd.
430 532 620 572 videntur
649 545 789 572 omnes
818 540 1022 585 receptam
1051 531 1159 571 dare.
1278 529 1331 568 acl
1359 546 1535 571 causam.

134 612 202 642 aut
234 617 268 641 c.
299 599 408 640 Flor.
432 614 530 652 apr.
554 614 610 638 ln.
642 613 736 638 cum
767 597 884 640 Alm.
980 602 1043 640 iis.
1103 599 1164 638 his
1192 596 1319 639 Amb.
1344 602 1381 638 1.
1412 595 1538 639 Goth.

191 666 455 724 eiiam-facil.
513 664 576 706 Ita
604 665 711 706 Flor.
742 665 869 706 Amb.
897 671 936 707 1.
996 683 1081 707 eam
1096 666 1193 723 fac.
1223 664 1352 707 Aan.
1381 672 1422 708 2.

192 738 231 788 §.
264 741 331 776 13.
378 746 461 774 ium
491 734 601 788 dign.
656 751 744 774 cum
765 734 872 788 dign.
906 733 1029 776 Goth.
1062 734 1202 788 Camp.
1292 751 1377 784 sua,
1409 752 1537 790 quam.

132 822 244 845 suam
263 821 302 859 q.
334 801 500 855 Turic.;
532 804 644 842 idem
725 817 914 843 aseo.m.
961 820 1105 858 suaque
1124 814 1324 857 tanquam.
1420 803 1538 843 Mul-

78 886 159 914 ium
188 875 284 926 agit.
342 871 408 911 M.
437 874 494 911 ait
523 869 664 911 Turio.
686 885 708 909 a
726 886 786 924 pr.
807 886 864 911 111.
924 872 1045 912 multo
1073 874 1201 925 magis
1231 871 1360 914 Aan.
1385 877 1422 912 1.

78 945 117 982 in
141 941 325 998 J'eminis.
382 938 451 979 Sic
489 938 582 979 Par.
615 943 654 978 3.
680 927 734 978 4.-
793 949 834 976 ut
897 955 968 978 cm.
1008 939 1115 980 Flor.
1149 954 1172 979 a
1204 955 1264 994 pr.
1295 954 1354 980 m.
1417 950 1459 979 ut
1499 943 1540 980 in

72 1009 169 1068 fem.
201 1007 329 1049 Amb.
359 1013 397 1049 1.
428 1006 537 1047 Flor.
575 1021 598 1045 a
628 1021 706 1045 sec.
739 1021 796 1045 m.
829 1005 919 1046 Par.
946 1012 983 1046 1.
1006 1012 1047 1047 2.

191 1079 227 1131 §.
261 1078 328 1117 14.
390 1093 409 1115 e
431 1076 647 1115 contrario.
698 1090 718 1112 e
749 1077 879 1114 omitt.
913 1073 1020 1114 Flor.
1044 1090 1142 1128 apr.
1163 1090 1220 1116 m.
1253 1074 1391 1116 Turio.
1422 1073 1538 1117 Alm.

79 1134 222 1199 Camp.
341 1145 561 1184 contemtio.
623 1154 836 1183 contemtus
867 1147 950 1197 (vel
979 1144 1236 1198 contemptus)
1266 1143 1403 1183 Turio.
1431 1143 1540 1184 Flor.

79 1213 205 1255 Goth.
244 1213 365 1253 Voss.
398 1218 438 1253 2.
480 1211 571 1252 Par.
602 1216 639 1252 1.
673 1213 712 1252 4.
755 1222 795 1252 et
825 1214 915 1253 edd.
948 1222 1039 1252 ante
1070 1211 1227 1262 Stoer.,
1270 1227 1358 1251 exc.
1400 1211 1540 1266 Sich.;

78 1291 257 1323 veterem
284 1283 503 1321 lectionem
530 1280 693 1320 reduzn‘t
724 1280 841 1331 Obr.,
887 1296 909 1321 a
937 1295 1018 1336 quo
1046 1295 1132 1320 non
1161 1280 1312 1319 recedit
1341 1279 1468 1321 Aan.
1501 1286 1540 1321 1.

78 1348 259 1403 Recepta
280 1358 337 1389 est
360 1352 404 1387 in
426 1346 563 1388 Guelf.
593 1347 685 1387 Par.
703 1355 759 1400 2.,
792 1358 831 1388 et
850 1358 897 1389 ut
915 1350 1074 1389 videtur
1104 1347 1222 1388 Voss.
1242 1353 1279 1388 1.
1294 1353 1332 1388 3.
1356 1347 1482 1389 Amb.
1498 1355 1538 1390 2.

82 1416 316 1472 [Ejicienda
346 1419 468 1470 igitur
496 1416 593 1455 hinc
623 1416 782 1456 videtur
812 1421 1035 1466 contemtio,
1066 1408 1174 1472 quaev
1199 1432 1275 1456 nec
1305 1419 1404 1456 alibi
1434 1417 1542 1471 apud

78 1483 386 1538 Quintilianum
414 1499 487 1538 pro
518 1494 710 1524 contemtu
739 1484 983 1536 invenitur]-

191 1556 227 1606 §.
262 1557 329 1595 15.
389 1553 527 1608 Neque
556 1552 665 1607 haec.
723 1552 780 1593 N.
816 1552 860 1592 id
889 1551 1051 1603 Guelf.,
1092 1560 1254 1605 propter
1281 1554 1389 1591 male
1418 1553 1543 1593 intel-

74 1624 228 1663 lectum
258 1621 386 1676 qu0d5
429 1637 481 1661 ex
511 1620 653 1659 eadem
684 1635 803 1660 causa
834 1619 973 1675 Camp.
1014 1619 1170 1660 dantur.
1284 1623 1383 1659 satis
1413 1631 1482 1661 cst.

74 1701 139 1730 sat
166 1701 222 1729 est
253 1689 392 1731 Turic.
422 1689 532 1729 Flor.
563 1686 692 1728 Aan.
719 1693 755 1728 1.
778 1694 819 1730 2.
853 1687 990 1730 Guelf.
1023 1687 1165 1742 Camp.
1280 1688 1482 1744 pleraque.

71 1759 267 1814 pluraque
296 1757 407 1799 Jens.
439 1757 562 1797 Tarv.
593 1755 696 1797 Ald.
814 1768 883 1796 aut
911 1760 1006 1798 min.
1066 1774 1116 1797 ac
1146 1759 1239 1798 min.
1272 1756 1381 1798 Flor.
1412 1756 1541 1798 Aan.

77 1831 114 1866 1.
139 1833 180 1867 2.
216 1824 353 1867 Guelf.
387 1824 530 1879 Camp.
559 1829 564 1837 ⁸
640 1825 851 1865 munienda
882 1825 1019 1865 Turio.
1055 1841 1078 1865 a
1103 1841 1181 1866 sec.
1211 1841 1292 1877 m.‚
1335 1829 1406 1881 qui
1435 1842 1544 1867 error

74 1897 241 1934 recurrit
272 1896 306 1946 §.
329 1900 398 1935 27.
504 1892 606 1932 illud
628 1909 784 1933 causae.
848 1893 923 1933 illa
945 1910 1088 1933 causae
1120 1897 1243 1934 etiam
1267 1893 1382 1934 ‘Flor.
1410 1893 1540 1936 Aan.

78 1967 115 2002 1.
144 1967 184 2001 2.
216 1960 307 2000 Par.
335 1967 373 2000 1.
399 1966 437 2000 3.
460 1963 500 1999 4.
531 1959 631 1999 Ald.
691 1959 872 2015 Recepta
904 1971 962 2001 est
987 1965 1032 2001 in
1063 1962 1155 2004 I'ar.
1184 1969 1225 2003 2.

188 2029 226 2078 §.
261 2032 327 2067 16.
389 2027 494 2081 quod
519 2038 555 2065 et
570 2029 682 2081 fieri.
745 2040 779 2066 et
811 2031 940 2069 omitt.
971 2029 1110 2070 Turio.
1141 2029 1249 2072 Flor.
1284 2030 1425 2086 Camp.

75 2106 110 2134 et
138 2106 206 2135 est.
269 2098 305 2134 si
332 2097 515 2134 inserunt
545 2094 681 2134 Turio.
716 2094 857 2149 Camp.
965 2108 1094 2137 tamen
1124 2102 1254 2140 omitt.
1288 2098 1426 2140 Guelf.

73 2163 141 2202 scd
162 2166 199 2202 si
226 2163 333 2204 laud.
395 2165 430 2202 si
461 2165 591 2202 omitt.
624 2161 762 2202 Turio.
879 2166 1037 2204 no'sirae
1059 2182 1211 2206 causae.
1270 2167 1381 2207 Haec
1411 2177 1543 2208 traus-

73 2240 232 2285 ponunt
262 2230 399 2271 Turic.
434 2230 542 2270 Flor.
575 2232 700 2270 Amb.
727 2235 764 2269 1.
800 2230 941 2285 Camp.
976 2232 1090 2273 Sich.

187 2304 224 2352 §.
251 2304 318 2339 17.
371 2298 486 2339 lenes.
540 2298 640 2337 leues
665 2296 801 2338 Guelf.
827 2309 865 2339 et
887 2301 977 2340 edd.
1011 2312 1103 2342 ante
1122 2300 1238 2353 Ald„
1272 2319 1359 2343 exc.
1395 2302 1538 2358 Camp.
1586 2290 1591 2296 .

189 2370 343 2407 remissi
375 2378 498 2407 erunt.
560 2369 789 2405 remiserunt
831 2367 967 2410 Turio.
1008 2368 1133 2421 Flor.,
1174 2369 1216 2424 (a
1250 2387 1310 2424 pr.
1342 2388 1397 2411 m.
1430 2381 1541 2412 uter-

76 2435 169 2491 que)
200 2435 317 2476 Ajm.
427 2452 600 2475 causam.
662 2450 803 2474 causas
833 2434 968 2477 Guelf.
1001 2437 1141 2491 Camp.
1174 2454 1268 2478 cum
1298 2439 1417 2480 Voss.
1441 2446 1481 2481 3.

190 2505 225 2556 §.
259 2508 326 2544 18.
385 2503 565 2543 Accidit.
614 2503 786 2543 Accedit
816 2504 956 2558 Camp.
1062 2515 1103 2544 ut
1126 2517 1192 2544 aut
1221 2507 1342 2547 nobis.
1405 2519 1447 2546 ut
1471 2519 1541 2548 aut

76 2587 113 2610 α.
144 2588 180 2611 η.
213 2570 349 2611 Turic.
373 2588 394 2612 a
413 2588 473 2626 pr.
497 2588 551 2611 m.
612 2582 654 2609 ut
681 2589 706 2610 α
734 2573 822 2612 nob.
854 2572 975 2614 Tarv.
1095 2574 1338 2614 adversario.
1397 2576 1539 2615 adver-

74 2641 193 2677 sariis
221 2638 329 2680 Flor.
363 2655 386 2680 a
416 2656 495 2680 sec.
525 2655 581 2679 m.
618 2638 659 2693 (a
684 2654 744 2693 pr.
774 2656 831 2680 ιιι.
862 2640 1087 2694 (versariis)
1120 2640 1242 2682 Amb.
1270 2648 1306 2683 1.
1338 2642 1479 2698 Camp.

74 2706 324 2747 adversarius
355 2707 489 2749 Turic.
510 2706 625 2747 Alm.
725 2711 853 2749 nescio
877 2727 928 2750 αιι
950 2713 994 2750 σι’.
1046 2712 1174 2751 nescio
1197 2713 1312 2751 etiam
1336 2715 1371 2751 ci
1400 2705 1533 2753 Turic-
