<?xml version="1.0" encoding="UTF-8"?>
<!DOCTYPE html PUBLIC "-//W3C//DTD XHTML 1.0 Transitional//EN"
    "http://www.w3.org/TR/xhtml1/DTD/xhtml1-transitional.dtd">
<html xmlns="http://www.w3.org/1999/xhtml" xml:lang="en" lang="en">
 <head>
  <title>
</title>
<meta http-equiv="Content-Type" content="text/html;charset=utf-8" />
  <meta name='ocr-system' content='tesseract 3.04.00' />
  <meta name='ocr-capabilities' content='ocr_page ocr_carea ocr_par ocr_line ocrx_word'/>
</head>
<body>
  <div class='ocr_page' id='page_1' title='image "./deinstitutioneor05quinuoft_0367.png"; bbox 0 0 1721 2974; ppageno 0'>
   <div class='ocr_carea' id='block_1_1' title="bbox 345 153 1523 210">
    <p class='ocr_par' dir='ltr' id='par_1_1' title="bbox 345 153 1523 210">
     <span class='ocr_line' id='line_1_1' title="bbox 345 153 1523 210; baseline -0.001 -12"><span class='ocrx_word' id='word_1_1' title='bbox 345 157 398 198; x_wconf 81' lang='lat' dir='ltr'>acl</span> <span class='ocrx_word' id='word_1_2' title='bbox 429 156 593 210; x_wconf 77' lang='lat' dir='ltr'>Quintil.</span> <span class='ocrx_word' id='word_1_3' title='bbox 622 156 752 196; x_wconf 72' lang='lat' dir='ltr'>Instit.</span> <span class='ocrx_word' id='word_1_4' title='bbox 795 153 873 205; x_wconf 83' lang='lat' dir='ltr'>VI,</span> <span class='ocrx_word' id='word_1_5' title='bbox 913 160 952 195; x_wconf 88' lang='grc'>3.</span> <span class='ocrx_word' id='word_1_6' title='bbox 985 156 1022 208; x_wconf 87' lang='lat'>§.</span> <span class='ocrx_word' id='word_1_7' title='bbox 1057 155 1259 197; x_wconf 75' lang='lat'><strong>48—58.</strong></span> <span class='ocrx_word' id='word_1_8' title='bbox 1443 159 1523 197; x_wconf 84' lang='lat'>335</span> 
     </span>
    </p>
   </div>
   <div class='ocr_carea' id='block_1_2' title="bbox 40 263 1526 447">
    <p class='ocr_par' dir='ltr' id='par_1_2' title="bbox 40 263 1526 447">
     <span class='ocr_line' id='line_1_2' title="bbox 40 263 1521 325; baseline 0 -15"><span class='ocrx_word' id='word_1_9' title='bbox 40 263 43 265; x_wconf 72' lang='lat'>,</span> <span class='ocrx_word' id='word_1_10' title='bbox 75 270 258 325; x_wconf 34' lang='lat' dir='ltr'>quodvis.</span> <span class='ocrx_word' id='word_1_11' title='bbox 317 270 455 312; x_wconf 78' lang='lat' dir='ltr'>Turio.</span> <span class='ocrx_word' id='word_1_12' title='bbox 499 286 521 310; x_wconf 83' lang='lat' dir='ltr'>a</span> <span class='ocrx_word' id='word_1_13' title='bbox 550 287 610 324; x_wconf 78' lang='lat' dir='ltr'>pr.</span> <span class='ocrx_word' id='word_1_14' title='bbox 644 285 700 311; x_wconf 88' lang='lat' dir='ltr'>m.</span> <span class='ocrx_word' id='word_1_15' title='bbox 741 269 853 311; x_wconf 87' lang='lat' dir='ltr'>Sich.</span> <span class='ocrx_word' id='word_1_16' title='bbox 886 269 990 324; x_wconf 81' lang='lat' dir='ltr'>quocl</span> <span class='ocrx_word' id='word_1_17' title='bbox 1018 269 1092 309; x_wconf 76' lang='lat' dir='ltr'>his.</span> <span class='ocrx_word' id='word_1_18' title='bbox 1209 279 1306 307; x_wconf 81' lang='lat' dir='ltr'>esset</span> <span class='ocrx_word' id='word_1_19' title='bbox 1333 268 1521 310; x_wconf 78' lang='lat' dir='ltr'>Acidum.</span> 
     </span>
     <span class='ocr_line' id='line_1_3' title="bbox 72 334 1526 390; baseline -0.001 -12"><span class='ocrx_word' id='word_1_20' title='bbox 72 338 182 379; x_wconf 82' lang='lat' dir='ltr'>Flor.</span> <span class='ocrx_word' id='word_1_21' title='bbox 212 341 332 378; x_wconf 83' lang='lat' dir='ltr'>etiam</span> <span class='ocrx_word' id='word_1_22' title='bbox 361 351 396 378; x_wconf 82' lang='lat' dir='ltr'>et</span> <span class='ocrx_word' id='word_1_23' title='bbox 425 339 480 378; x_wconf 77' lang='lat' dir='ltr'>ad</span> <span class='ocrx_word' id='word_1_24' title='bbox 508 342 640 378; x_wconf 84' lang='lat' dir='ltr'>citum.</span> <span class='ocrx_word' id='word_1_25' title='bbox 698 337 885 379; x_wconf 79' lang='lat' dir='ltr'>A1nb.1.</span> <span class='ocrx_word' id='word_1_26' title='bbox 915 348 949 376; x_wconf 84' lang='lat' dir='ltr'>et</span> <span class='ocrx_word' id='word_1_27' title='bbox 979 340 1143 377; x_wconf 56' lang='lat' dir='ltr'>acetum.</span> <span class='ocrx_word' id='word_1_28' title='bbox 1202 334 1346 390; x_wconf 85' lang='lat' dir='ltr'>Camp.</span> <span class='ocrx_word' id='word_1_29' title='bbox 1376 340 1526 376; x_wconf 76' lang='lat' dir='ltr'>omittit</span> 
     </span>
     <span class='ocr_line' id='line_1_4' title="bbox 74 403 1525 447; baseline -0.001 -2"><span class='ocrx_word' id='word_1_30' title='bbox 74 418 185 447; x_wconf 77' lang='lat' dir='ltr'>esset.</span> <span class='ocrx_word' id='word_1_31' title='bbox 272 423 371 447; x_wconf 86' lang='lat' dir='ltr'>cum.</span> <span class='ocrx_word' id='word_1_32' title='bbox 423 404 559 446; x_wconf 86' lang='lat' dir='ltr'>Guelf.</span> <span class='ocrx_word' id='word_1_33' title='bbox 592 423 673 446; x_wconf 85' lang='lat' dir='ltr'>cur.</span> <span class='ocrx_word' id='word_1_34' title='bbox 735 431 737 433; x_wconf 38' lang='lat' dir='ltr'>v</span> <span class='ocrx_word' id='word_1_35' title='bbox 773 406 960 446; x_wconf 85' lang='lat' dir='ltr'>Tollium.</span> <span class='ocrx_word' id='word_1_36' title='bbox 1012 405 1145 445; x_wconf 82' lang='lat' dir='ltr'>Turio.</span> <span class='ocrx_word' id='word_1_37' title='bbox 1177 403 1343 443; x_wconf 76' lang='lat' dir='ltr'>tullium.</span> <span class='ocrx_word' id='word_1_38' title='bbox 1385 403 1525 444; x_wconf 87' lang='lat' dir='ltr'>Guelf.</span> 
     </span>
    </p>
   </div>
   <div class='ocr_carea' id='block_1_3' title="bbox 72 472 1526 867">
    <p class='ocr_par' dir='ltr' id='par_1_3' title="bbox 72 472 1526 867">
     <span class='ocr_line' id='line_1_5' title="bbox 74 472 1522 527; baseline -0.001 -14"><span class='ocrx_word' id='word_1_39' title='bbox 74 472 216 527; x_wconf 84' lang='lat' dir='ltr'>Camp.</span> <span class='ocrx_word' id='word_1_40' title='bbox 250 473 418 514; x_wconf 79' lang='lat' dir='ltr'>Tullios.</span> <span class='ocrx_word' id='word_1_41' title='bbox 477 473 595 515; x_wconf 85' lang='lat' dir='ltr'>Voss.</span> <span class='ocrx_word' id='word_1_42' title='bbox 626 479 665 514; x_wconf 88' lang='lat'>2.</span> <span class='ocrx_word' id='word_1_43' title='bbox 710 474 877 514; x_wconf 80' lang='lat' dir='ltr'>Tallios.</span> <span class='ocrx_word' id='word_1_44' title='bbox 937 472 1061 515; x_wconf 86' lang='lat' dir='ltr'>Goth.</span> <span class='ocrx_word' id='word_1_45' title='bbox 1099 472 1267 513; x_wconf 85' lang='lat' dir='ltr'>Tollios.</span> <span class='ocrx_word' id='word_1_46' title='bbox 1381 472 1522 512; x_wconf 74' lang='lat' dir='ltr'>dictos.</span> 
     </span>
     <span class='ocr_line' id='line_1_6' title="bbox 74 538 1474 583; baseline 0.001 -3"><span class='ocrx_word' id='word_1_47' title='bbox 74 538 197 582; x_wconf 86' lang='lat' dir='ltr'>Goth.</span> <span class='ocrx_word' id='word_1_48' title='bbox 229 541 388 583; x_wconf 72' lang='lat' dir='ltr'>elicium.</span> <span class='ocrx_word' id='word_1_49' title='bbox 1472 545 1474 547; x_wconf 64' lang='grc'><strong><em>’</em></strong></span> 
     </span>
     <span class='ocr_line' id='line_1_7' title="bbox 187 606 1523 663; baseline -0.002 -13"><span class='ocrx_word' id='word_1_50' title='bbox 187 611 221 662; x_wconf 81' lang='lat'>§.</span> <span class='ocrx_word' id='word_1_51' title='bbox 251 610 317 650; x_wconf 85' lang='grc'>54.</span> <span class='ocrx_word' id='word_1_52' title='bbox 374 608 602 649; x_wconf 77' lang='lat' dir='ltr'>nominibus.</span> <span class='ocrx_word' id='word_1_53' title='bbox 662 608 800 650; x_wconf 79' lang='lat' dir='ltr'>Turic-</span> <span class='ocrx_word' id='word_1_54' title='bbox 831 624 854 649; x_wconf 83' lang='lat' dir='ltr'><strong>a</strong></span> <span class='ocrx_word' id='word_1_55' title='bbox 873 625 933 663; x_wconf 85' lang='lat' dir='ltr'>pr.</span> <span class='ocrx_word' id='word_1_56' title='bbox 954 625 1009 650; x_wconf 89' lang='lat' dir='ltr'>m.</span> <span class='ocrx_word' id='word_1_57' title='bbox 1041 609 1229 649; x_wconf 78' lang='lat' dir='ltr'>omnibus.</span> <span class='ocrx_word' id='word_1_58' title='bbox 1317 606 1523 648; x_wconf 80' lang='lat' dir='ltr'><em>Mallium.</em></span> 
     </span>
     <span class='ocr_line' id='line_1_8' title="bbox 73 674 457 717; baseline -0.003 0"><span class='ocrx_word' id='word_1_59' title='bbox 73 674 210 717; x_wconf 85' lang='lat' dir='ltr'>Guelf.</span> <span class='ocrx_word' id='word_1_60' title='bbox 241 677 457 717; x_wconf 79' lang='lat' dir='ltr'>Manlium.</span> 
     </span>
     <span class='ocr_line' id='line_1_9' title="bbox 187 743 1522 798; baseline -0.001 -12"><span class='ocrx_word' id='word_1_61' title='bbox 187 746 223 798; x_wconf 82' lang='lat'>§.</span> <span class='ocrx_word' id='word_1_62' title='bbox 258 750 321 785; x_wconf 86' lang='lat'>55.</span> <span class='ocrx_word' id='word_1_63' title='bbox 378 756 415 784; x_wconf 80' lang='lat' dir='ltr'>et</span> <span class='ocrx_word' id='word_1_64' title='bbox 439 744 520 798; x_wconf 80' lang='lat' dir='ltr'>aclj.</span> <span class='ocrx_word' id='word_1_65' title='bbox 543 755 577 783; x_wconf 86' lang='lat' dir='ltr'>et</span> <span class='ocrx_word' id='word_1_66' title='bbox 596 743 695 785; x_wconf 65' lang='grc' dir='ltr'><strong>(ἶρίν.</strong></span> <span class='ocrx_word' id='word_1_67' title='bbox 747 743 816 785; x_wconf 86' lang='lat' dir='ltr'>Sic</span> <span class='ocrx_word' id='word_1_68' title='bbox 839 747 961 785; x_wconf 77' lang='lat' dir='ltr'>etiam</span> <span class='ocrx_word' id='word_1_69' title='bbox 978 743 1086 785; x_wconf 87' lang='lat' dir='ltr'>Flor.</span> <span class='ocrx_word' id='word_1_70' title='bbox 1172 744 1273 783; x_wconf 76' lang='lat' dir='ltr'>binis</span> <span class='ocrx_word' id='word_1_71' title='bbox 1294 746 1522 798; x_wconf 58' lang='lat' dir='ltr'>conjuncti&amp;</span> 
     </span>
     <span class='ocr_line' id='line_1_10' title="bbox 72 810 1526 867; baseline -0.001 -14"><span class='ocrx_word' id='word_1_72' title='bbox 72 811 199 854; x_wconf 85' lang='lat' dir='ltr'>Amb.</span> <span class='ocrx_word' id='word_1_73' title='bbox 221 818 258 852; x_wconf 91' lang='lat'>1.</span> <span class='ocrx_word' id='word_1_74' title='bbox 288 827 310 851; x_wconf 81' lang='lat' dir='ltr'><strong>a</strong></span> <span class='ocrx_word' id='word_1_75' title='bbox 331 828 390 866; x_wconf 91' lang='lat' dir='ltr'>pr.</span> <span class='ocrx_word' id='word_1_76' title='bbox 413 827 470 853; x_wconf 88' lang='lat' dir='ltr'>m.</span> <span class='ocrx_word' id='word_1_77' title='bbox 502 811 642 854; x_wconf 80' lang='lat' dir='ltr'>Tmic.</span> <span class='ocrx_word' id='word_1_78' title='bbox 676 827 698 851; x_wconf 82' lang='lat' dir='ltr'>a</span> <span class='ocrx_word' id='word_1_79' title='bbox 725 828 786 865; x_wconf 87' lang='lat' dir='ltr'>pr.</span> <span class='ocrx_word' id='word_1_80' title='bbox 815 827 871 852; x_wconf 87' lang='lat' dir='ltr'>m.</span> <span class='ocrx_word' id='word_1_81' title='bbox 904 812 1012 852; x_wconf 88' lang='lat' dir='ltr'>Flor.</span> <span class='ocrx_word' id='word_1_82' title='bbox 1045 812 1148 851; x_wconf 78' lang='lat' dir='ltr'>clivis</span> <span class='ocrx_word' id='word_1_83' title='bbox 1174 814 1274 867; x_wconf 85' lang='lat' dir='ltr'>conj.</span> <span class='ocrx_word' id='word_1_84' title='bbox 1334 810 1458 853; x_wconf 86' lang='lat' dir='ltr'>Amb.</span> <span class='ocrx_word' id='word_1_85' title='bbox 1485 817 1526 852; x_wconf 88' lang='lat'>1.</span> 
     </span>
    </p>
   </div>
   <div class='ocr_carea' id='block_1_4' title="bbox 57 879 1529 1126">
    <p class='ocr_par' dir='ltr' id='par_1_4' title="bbox 57 879 1529 1126">
     <span class='ocr_line' id='line_1_11' title="bbox 74 879 1529 936; baseline -0.001 -15"><span class='ocrx_word' id='word_1_86' title='bbox 74 895 98 920; x_wconf 80' lang='lat' dir='ltr'>a</span> <span class='ocrx_word' id='word_1_87' title='bbox 122 896 200 921; x_wconf 79' lang='lat' dir='ltr'>sec.</span> <span class='ocrx_word' id='word_1_88' title='bbox 237 895 293 920; x_wconf 87' lang='lat' dir='ltr'>m.</span> <span class='ocrx_word' id='word_1_89' title='bbox 334 879 472 918; x_wconf 67' lang='lat' dir='ltr'>divisis</span> <span class='ocrx_word' id='word_1_90' title='bbox 508 882 813 934; x_wconf 80' lang='lat' dir='ltr'>conjunctisque.</span> <span class='ocrx_word' id='word_1_91' title='bbox 871 879 990 919; x_wconf 84' lang='lat' dir='ltr'>Alm.</span> <span class='ocrx_word' id='word_1_92' title='bbox 1024 879 1126 918; x_wconf 71' lang='lat' dir='ltr'>(liciis</span> <span class='ocrx_word' id='word_1_93' title='bbox 1155 884 1255 935; x_wconf 78' lang='lat' dir='ltr'>conj.</span> <span class='ocrx_word' id='word_1_94' title='bbox 1372 883 1529 936; x_wconf 81' lang='lat' dir='ltr'>saepius</span> 
     </span>
     <span class='ocr_line' id='line_1_12' title="bbox 57 945 1527 1004; baseline 0.001 -18"><span class='ocrx_word' id='word_1_95' title='bbox 57 947 240 1004; x_wconf 59' lang='lat' dir='ltr'>fiigidm</span> <span class='ocrx_word' id='word_1_96' title='bbox 289 947 398 988; x_wconf 87' lang='lat' dir='ltr'>Flor.</span> <span class='ocrx_word' id='word_1_97' title='bbox 430 950 531 1001; x_wconf 81' lang='lat' dir='ltr'>sepis</span> <span class='ocrx_word' id='word_1_98' title='bbox 547 947 742 1004; x_wconf 60' lang='lat' dir='ltr'>flag-isla.</span> <span class='ocrx_word' id='word_1_99' title='bbox 849 958 990 986; x_wconf 76' lang='lat' dir='ltr'>tamen.</span> <span class='ocrx_word' id='word_1_100' title='bbox 1042 945 1182 1000; x_wconf 84' lang='lat' dir='ltr'>Camp.</span> <span class='ocrx_word' id='word_1_101' title='bbox 1213 959 1295 987; x_wconf 76' lang='lat' dir='ltr'>iam</span> <span class='ocrx_word' id='word_1_102' title='bbox 1324 966 1387 990; x_wconf 84' lang='lat' dir='ltr'>an.</span> <span class='ocrx_word' id='word_1_103' title='bbox 1485 952 1527 988; x_wconf 82' lang='lat' dir='ltr'>in</span> 
     </span>
     <span class='ocr_line' id='line_1_13' title="bbox 71 1012 1525 1058; baseline 0.001 -2"><span class='ocrx_word' id='word_1_104' title='bbox 71 1019 136 1056; x_wconf 80' lang='lat' dir='ltr'>iis.</span> <span class='ocrx_word' id='word_1_105' title='bbox 189 1015 327 1056; x_wconf 84' lang='lat' dir='ltr'>Turio.</span> <span class='ocrx_word' id='word_1_106' title='bbox 357 1018 399 1054; x_wconf 88' lang='lat' dir='ltr'>in</span> <span class='ocrx_word' id='word_1_107' title='bbox 427 1014 501 1054; x_wconf 76' lang='lat' dir='ltr'>his.</span> <span class='ocrx_word' id='word_1_108' title='bbox 617 1015 836 1055; x_wconf 71' lang='lat' dir='ltr'>trahuntur.</span> <span class='ocrx_word' id='word_1_109' title='bbox 895 1012 1031 1055; x_wconf 84' lang='lat' dir='ltr'>Guelf.</span> <span class='ocrx_word' id='word_1_110' title='bbox 1062 1014 1286 1056; x_wconf 70' lang='lat' dir='ltr'>traduntur.</span> <span class='ocrx_word' id='word_1_111' title='bbox 1402 1016 1525 1058; x_wconf 71' lang='lat' dir='ltr'>(licia.</span> 
     </span>
     <span class='ocr_line' id='line_1_14' title="bbox 70 1081 1526 1126; baseline 0.001 -1"><span class='ocrx_word' id='word_1_112' title='bbox 70 1084 212 1125; x_wconf 76' lang='lat' dir='ltr'>Turic-</span> <span class='ocrx_word' id='word_1_113' title='bbox 255 1099 278 1122; x_wconf 87' lang='lat' dir='ltr'>a</span> <span class='ocrx_word' id='word_1_114' title='bbox 305 1099 382 1123; x_wconf 85' lang='lat' dir='ltr'>sec.</span> <span class='ocrx_word' id='word_1_115' title='bbox 417 1099 473 1123; x_wconf 89' lang='lat' dir='ltr'>m.</span> <span class='ocrx_word' id='word_1_116' title='bbox 515 1082 648 1124; x_wconf 69' lang='lat' dir='ltr'>(lucta.</span> <span class='ocrx_word' id='word_1_117' title='bbox 776 1087 824 1124; x_wconf 88' lang='lat' dir='ltr'>ei.</span> <span class='ocrx_word' id='word_1_118' title='bbox 881 1081 949 1123; x_wconf 84' lang='lat' dir='ltr'>Sic</span> <span class='ocrx_word' id='word_1_119' title='bbox 985 1084 1108 1122; x_wconf 82' lang='lat' dir='ltr'>etiam</span> <span class='ocrx_word' id='word_1_120' title='bbox 1145 1081 1254 1123; x_wconf 88' lang='lat' dir='ltr'>Flor.</span> <span class='ocrx_word' id='word_1_121' title='bbox 1290 1084 1379 1125; x_wconf 81' lang='lat' dir='ltr'>Par.</span> <span class='ocrx_word' id='word_1_122' title='bbox 1415 1090 1454 1126; x_wconf 89' lang='lat'>1.</span> <span class='ocrx_word' id='word_1_123' title='bbox 1484 1091 1526 1126; x_wconf 87' lang='grc'>2.</span> 
     </span>
    </p>
   </div>
   <div class='ocr_carea' id='block_1_5' title="bbox 69 1149 1528 2709">
    <p class='ocr_par' dir='ltr' id='par_1_5' title="bbox 70 1149 1528 1477">
     <span class='ocr_line' id='line_1_15' title="bbox 73 1149 1525 1206; baseline 0.001 -15"><span class='ocrx_word' id='word_1_124' title='bbox 73 1151 305 1206; x_wconf 82' lang='lat' dir='ltr'>[Pertinere</span> <span class='ocrx_word' id='word_1_125' title='bbox 326 1151 403 1190; x_wconf 88' lang='lat' dir='ltr'>hoc</span> <span class='ocrx_word' id='word_1_126' title='bbox 434 1152 485 1190; x_wconf 86' lang='lat' dir='ltr'>ad</span> <span class='ocrx_word' id='word_1_127' title='bbox 517 1149 601 1191; x_wconf 83' lang='lat' dir='ltr'>Cic.</span> <span class='ocrx_word' id='word_1_128' title='bbox 632 1154 677 1189; x_wconf 85' lang='lat' dir='ltr'>iu</span> <span class='ocrx_word' id='word_1_129' title='bbox 700 1151 820 1191; x_wconf 82' lang='lat' dir='ltr'>Verr.</span> <span class='ocrx_word' id='word_1_130' title='bbox 852 1153 923 1190; x_wconf 87' lang='lat' dir='ltr'>lib.</span> <span class='ocrx_word' id='word_1_131' title='bbox 954 1156 979 1191; x_wconf 84' lang='lat'>2</span> <span class='ocrx_word' id='word_1_132' title='bbox 1009 1165 1092 1204; x_wconf 81' lang='lat' dir='ltr'>cap.</span> <span class='ocrx_word' id='word_1_133' title='bbox 1126 1154 1149 1189; x_wconf 89' lang='grc'>6</span> <span class='ocrx_word' id='word_1_134' title='bbox 1182 1161 1284 1193; x_wconf 84' lang='lat' dir='ltr'><strong>extr.</strong></span> <span class='ocrx_word' id='word_1_135' title='bbox 1316 1162 1355 1193; x_wconf 82' lang='lat' dir='ltr'>et</span> <span class='ocrx_word' id='word_1_136' title='bbox 1379 1157 1406 1193; x_wconf 93' lang='lat'><strong>7</strong></span> <span class='ocrx_word' id='word_1_137' title='bbox 1436 1156 1525 1193; x_wconf 83' lang='lat' dir='ltr'>init.</span> 
     </span>
     <span class='ocr_line' id='line_1_16' title="bbox 71 1218 1527 1276; baseline 0 -16"><span class='ocrx_word' id='word_1_138' title='bbox 71 1230 210 1275; x_wconf 80' lang='lat' dir='ltr'>postea</span> <span class='ocrx_word' id='word_1_139' title='bbox 234 1222 435 1258; x_wconf 82' lang='lat' dir='ltr'>intellexit</span> <span class='ocrx_word' id='word_1_140' title='bbox 466 1218 737 1272; x_wconf 81' lang='lat' dir='ltr'>Spaldingius.</span> <span class='ocrx_word' id='word_1_141' title='bbox 795 1218 956 1259; x_wconf 88' lang='lat' dir='ltr'>Verum</span> <span class='ocrx_word' id='word_1_142' title='bbox 982 1229 1161 1258; x_wconf 79' lang='lat' dir='ltr'>extrema</span> <span class='ocrx_word' id='word_1_143' title='bbox 1182 1223 1315 1270; x_wconf 83' lang='lat' dir='ltr'>verba,</span> <span class='ocrx_word' id='word_1_144' title='bbox 1339 1224 1419 1260; x_wconf 87' lang='lat' dir='ltr'>nisi</span> <span class='ocrx_word' id='word_1_145' title='bbox 1439 1225 1527 1276; x_wconf 86' lang='lat' dir='ltr'>quis</span> 
     </span>
     <span class='ocr_line' id='line_1_17' title="bbox 71 1288 1527 1342; baseline 0.001 -14"><span class='ocrx_word' id='word_1_146' title='bbox 71 1288 382 1328; x_wconf 81' lang='lat' dir='ltr'>reconditiorem</span> <span class='ocrx_word' id='word_1_147' title='bbox 433 1289 745 1339; x_wconf 74' lang='lat' dir='ltr'>explicationem</span> <span class='ocrx_word' id='word_1_148' title='bbox 791 1290 995 1337; x_wconf 80' lang='lat' dir='ltr'>inveniat,</span> <span class='ocrx_word' id='word_1_149' title='bbox 1053 1289 1198 1335; x_wconf 75' lang='lat' dir='ltr'>frustra</span> <span class='ocrx_word' id='word_1_150' title='bbox 1237 1304 1260 1328; x_wconf 82' lang='lat' dir='ltr'>a</span> <span class='ocrx_word' id='word_1_151' title='bbox 1299 1292 1527 1342; x_wconf 84' lang='lat' dir='ltr'>suspicione</span> 
     </span>
     <span class='ocr_line' id='line_1_18' title="bbox 70 1353 1528 1410; baseline -0.001 -12"><span class='ocrx_word' id='word_1_152' title='bbox 70 1356 240 1403; x_wconf 75' lang='grc' dir='ltr'><strong><em>νοθείας</em></strong></span> <span class='ocrx_word' id='word_1_153' title='bbox 269 1353 535 1407; x_wconf 55' lang='lat' dir='ltr'>defenderit]</span> <span class='ocrx_word' id='word_1_154' title='bbox 649 1355 821 1394; x_wconf 78' lang='lat' dir='ltr'>Herculi</span> <span class='ocrx_word' id='word_1_155' title='bbox 850 1372 971 1410; x_wconf 80' lang='lat' dir='ltr'>quem.</span> <span class='ocrx_word' id='word_1_156' title='bbox 1028 1353 1155 1395; x_wconf 88' lang='lat' dir='ltr'>Amb.</span> <span class='ocrx_word' id='word_1_157' title='bbox 1187 1361 1225 1396; x_wconf 86' lang='lat'>1.</span> <span class='ocrx_word' id='word_1_158' title='bbox 1265 1356 1372 1397; x_wconf 87' lang='lat' dir='ltr'>Flor.</span> <span class='ocrx_word' id='word_1_159' title='bbox 1404 1361 1528 1398; x_wconf 84' lang='lat' dir='ltr'>etiam</span> 
     </span>
     <span class='ocr_line' id='line_1_19' title="bbox 71 1421 1525 1477; baseline 0.001 -13"><span class='ocrx_word' id='word_1_160' title='bbox 71 1422 287 1465; x_wconf 80' lang='lat' dir='ltr'>Herculem</span> <span class='ocrx_word' id='word_1_161' title='bbox 319 1425 353 1461; x_wconf 88' lang='lat' dir='ltr'>ei</span> <span class='ocrx_word' id='word_1_162' title='bbox 380 1439 502 1477; x_wconf 84' lang='lat' dir='ltr'>quem.</span> <span class='ocrx_word' id='word_1_163' title='bbox 605 1423 878 1463; x_wconf 77' lang='lat' dir='ltr'>molestiorem.</span> <span class='ocrx_word' id='word_1_164' title='bbox 929 1421 1042 1464; x_wconf 84' lang='lat' dir='ltr'>Sich.</span> <span class='ocrx_word' id='word_1_165' title='bbox 1075 1427 1197 1463; x_wconf 83' lang='lat' dir='ltr'>etiam</span> <span class='ocrx_word' id='word_1_166' title='bbox 1224 1424 1425 1465; x_wconf 80' lang='lat' dir='ltr'>molestior</span> <span class='ocrx_word' id='word_1_167' title='bbox 1455 1437 1525 1467; x_wconf 82' lang='lat' dir='ltr'>est.</span> 
     </span>
    </p>

    <p class='ocr_par' dir='ltr' id='par_1_6' title="bbox 70 1489 1528 1816">
     <span class='ocr_line' id='line_1_20' title="bbox 156 1489 1526 1547; baseline 0.003 -17"><span class='ocrx_word' id='word_1_168' title='bbox 156 1490 249 1532; x_wconf 87' lang='lat' dir='ltr'>mol.</span> <span class='ocrx_word' id='word_1_169' title='bbox 281 1506 392 1545; x_wconf 83' lang='lat' dir='ltr'>apro.</span> <span class='ocrx_word' id='word_1_170' title='bbox 450 1489 560 1531; x_wconf 88' lang='lat' dir='ltr'>Flor.</span> <span class='ocrx_word' id='word_1_171' title='bbox 592 1506 615 1530; x_wconf 86' lang='lat' dir='ltr'>a</span> <span class='ocrx_word' id='word_1_172' title='bbox 642 1507 702 1544; x_wconf 87' lang='lat' dir='ltr'>pr.</span> <span class='ocrx_word' id='word_1_173' title='bbox 734 1507 789 1531; x_wconf 86' lang='lat' dir='ltr'>m.</span> <span class='ocrx_word' id='word_1_174' title='bbox 820 1494 960 1531; x_wconf 89' lang='lat' dir='ltr'>inserit</span> <span class='ocrx_word' id='word_1_175' title='bbox 990 1495 1112 1532; x_wconf 81' lang='lat' dir='ltr'>etiam</span> <span class='ocrx_word' id='word_1_176' title='bbox 1139 1507 1285 1547; x_wconf 76' lang='lat' dir='ltr'>quam,</span> <span class='ocrx_word' id='word_1_177' title='bbox 1328 1508 1445 1533; x_wconf 86' lang='lat' dir='ltr'>asec.</span> <span class='ocrx_word' id='word_1_178' title='bbox 1468 1509 1526 1535; x_wconf 87' lang='lat' dir='ltr'>m.</span> 
     </span>
     <span class='ocr_line' id='line_1_21' title="bbox 72 1557 1527 1617; baseline 0.001 -17"><span class='ocrx_word' id='word_1_179' title='bbox 72 1574 167 1600; x_wconf 85' lang='lat' dir='ltr'>cum</span> <span class='ocrx_word' id='word_1_180' title='bbox 203 1557 330 1598; x_wconf 88' lang='lat' dir='ltr'>Amb.</span> <span class='ocrx_word' id='word_1_181' title='bbox 362 1563 399 1599; x_wconf 91' lang='lat'>1.</span> <span class='ocrx_word' id='word_1_182' title='bbox 443 1558 603 1599; x_wconf 76' lang='lat' dir='ltr'>modest.</span> <span class='ocrx_word' id='word_1_183' title='bbox 642 1575 759 1613; x_wconf 81' lang='lat' dir='ltr'>quam</span> <span class='ocrx_word' id='word_1_184' title='bbox 798 1577 833 1599; x_wconf 88' lang='grc' dir='ltr'>α.</span> <span class='ocrx_word' id='word_1_185' title='bbox 948 1559 1222 1615; x_wconf 68' lang='lat' dir='ltr'>Erymanthio.</span> <span class='ocrx_word' id='word_1_186' title='bbox 1281 1560 1389 1602; x_wconf 85' lang='lat' dir='ltr'>Flor.</span> <span class='ocrx_word' id='word_1_187' title='bbox 1436 1578 1527 1617; x_wconf 75' lang='lat' dir='ltr'>ety-</span> 
     </span>
     <span class='ocr_line' id='line_1_22' title="bbox 70 1624 1524 1686; baseline 0.001 -19"><span class='ocrx_word' id='word_1_188' title='bbox 70 1629 235 1667; x_wconf 79' lang='lat' dir='ltr'>maniio.</span> <span class='ocrx_word' id='word_1_189' title='bbox 301 1624 425 1666; x_wconf 86' lang='lat' dir='ltr'>Goth.</span> <span class='ocrx_word' id='word_1_190' title='bbox 466 1627 737 1666; x_wconf 74' lang='lat' dir='ltr'>herimanilzio.</span> <span class='ocrx_word' id='word_1_191' title='bbox 804 1626 944 1680; x_wconf 84' lang='lat' dir='ltr'>Camp.</span> <span class='ocrx_word' id='word_1_192' title='bbox 990 1628 1247 1682; x_wconf 79' lang='lat' dir='ltr'>lzerymantio.</span> <span class='ocrx_word' id='word_1_193' title='bbox 1375 1629 1524 1686; x_wconf 82' lang='lat' dir='ltr'>fuisse.</span> 
     </span>
     <span class='ocr_line' id='line_1_23' title="bbox 71 1693 1528 1752; baseline 0.001 -16"><span class='ocrx_word' id='word_1_194' title='bbox 71 1694 208 1736; x_wconf 87' lang='lat' dir='ltr'>Guelf.</span> <span class='ocrx_word' id='word_1_195' title='bbox 227 1693 392 1750; x_wconf 78' lang='lat' dir='ltr'>fuisset.</span> <span class='ocrx_word' id='word_1_196' title='bbox 509 1693 721 1733; x_wconf 70' lang='lat' dir='ltr'>Sacerdoti</span> <span class='ocrx_word' id='word_1_197' title='bbox 752 1693 914 1735; x_wconf 80' lang='lat' dir='ltr'>Verres.</span> <span class='ocrx_word' id='word_1_198' title='bbox 972 1694 1098 1735; x_wconf 68' lang='lat' dir='ltr'>Ajnb.</span> <span class='ocrx_word' id='word_1_199' title='bbox 1126 1701 1163 1736; x_wconf 88' lang='lat'>1.</span> <span class='ocrx_word' id='word_1_200' title='bbox 1195 1711 1358 1752; x_wconf 80' lang='lat' dir='ltr'>quoque</span> <span class='ocrx_word' id='word_1_201' title='bbox 1391 1714 1528 1737; x_wconf 83' lang='lat' dir='ltr'>sacer-</span> 
     </span>
     <span class='ocr_line' id='line_1_24' title="bbox 70 1762 1498 1816; baseline 0.001 -12"><span class='ocrx_word' id='word_1_202' title='bbox 70 1763 142 1804; x_wconf 75' lang='lat' dir='ltr'>dos</span> <span class='ocrx_word' id='word_1_203' title='bbox 162 1764 290 1812; x_wconf 87' lang='lat' dir='ltr'>verri,</span> <span class='ocrx_word' id='word_1_204' title='bbox 320 1764 483 1802; x_wconf 82' lang='lat' dir='ltr'>fortasse</span> <span class='ocrx_word' id='word_1_205' title='bbox 508 1765 619 1816; x_wconf 86' lang='lat' dir='ltr'>prius</span> <span class='ocrx_word' id='word_1_206' title='bbox 639 1762 858 1802; x_wconf 80' lang='lat' dir='ltr'>sacerdotis·</span> <span class='ocrx_word' id='word_1_207' title='bbox 879 1767 1018 1804; x_wconf 85' lang='lat' dir='ltr'>verris.</span> <span class='ocrx_word' id='word_1_208' title='bbox 1069 1763 1173 1805; x_wconf 86' lang='lat' dir='ltr'>Flor.</span> <span class='ocrx_word' id='word_1_209' title='bbox 1196 1766 1381 1806; x_wconf 80' lang='lat' dir='ltr'>sacer-clos</span> <span class='ocrx_word' id='word_1_210' title='bbox 1402 1769 1498 1806; x_wconf 85' lang='lat' dir='ltr'>veri.</span> 
     </span>
    </p>

    <p class='ocr_par' dir='ltr' id='par_1_7' title="bbox 70 1831 1526 2008">
     <span class='ocr_line' id='line_1_25' title="bbox 181 1831 1526 1884; baseline 0.004 -15"><span class='ocrx_word' id='word_1_211' title='bbox 181 1834 217 1882; x_wconf 88' lang='lat'>§.</span> <span class='ocrx_word' id='word_1_212' title='bbox 247 1834 314 1870; x_wconf 87' lang='lat'>56.</span> <span class='ocrx_word' id='word_1_213' title='bbox 369 1847 521 1884; x_wconf 80' lang='lat' dir='ltr'>genere.</span> <span class='ocrx_word' id='word_1_214' title='bbox 579 1831 688 1872; x_wconf 84' lang='lat' dir='ltr'>Flor.</span> <span class='ocrx_word' id='word_1_215' title='bbox 719 1834 883 1872; x_wconf 74' lang='lat' dir='ltr'>omittit.</span> <span class='ocrx_word' id='word_1_216' title='bbox 998 1833 1182 1873; x_wconf 81' lang='lat' dir='ltr'>Cecimuz.</span> <span class='ocrx_word' id='word_1_217' title='bbox 1239 1833 1378 1874; x_wconf 78' lang='lat' dir='ltr'>Turio.</span> <span class='ocrx_word' id='word_1_218' title='bbox 1413 1834 1526 1874; x_wconf 78' lang='lat' dir='ltr'>Ceci-</span> 
     </span>
     <span class='ocr_line' id='line_1_26' title="bbox 70 1896 1441 1956; baseline 0.002 -18"><span class='ocrx_word' id='word_1_219' title='bbox 70 1914 138 1938; x_wconf 85' lang='lat' dir='ltr'>na.</span> <span class='ocrx_word' id='word_1_220' title='bbox 235 1907 320 1936; x_wconf 77' lang='lat' dir='ltr'>test.</span> <span class='ocrx_word' id='word_1_221' title='bbox 350 1897 452 1938; x_wconf 72' lang='lat' dir='ltr'>Sex.</span> <span class='ocrx_word' id='word_1_222' title='bbox 512 1896 648 1939; x_wconf 86' lang='lat' dir='ltr'>Guelf.</span> <span class='ocrx_word' id='word_1_223' title='bbox 681 1902 801 1940; x_wconf 78' lang='lat' dir='ltr'>inser.</span> <span class='ocrx_word' id='word_1_224' title='bbox 833 1910 884 1940; x_wconf 83' lang='lat' dir='ltr'>et.</span> <span class='ocrx_word' id='word_1_225' title='bbox 980 1903 1102 1954; x_wconf 77' lang='lat' dir='ltr'>niger.</span> <span class='ocrx_word' id='word_1_226' title='bbox 1147 1900 1290 1956; x_wconf 83' lang='lat' dir='ltr'>Camp.</span> <span class='ocrx_word' id='word_1_227' title='bbox 1320 1905 1441 1956; x_wconf 78' lang='lat' dir='ltr'>viget.</span> 
     </span>
     <span class='ocr_line' id='line_1_27' title="bbox 70 1963 758 2008; baseline 0.001 -2"><span class='ocrx_word' id='word_1_228' title='bbox 70 1976 127 2006; x_wconf 82' lang='lat' dir='ltr'>est</span> <span class='ocrx_word' id='word_1_229' title='bbox 154 1963 221 2004; x_wconf 86' lang='lat' dir='ltr'>ille</span> <span class='ocrx_word' id='word_1_230' title='bbox 252 1965 347 2004; x_wconf 87' lang='lat' dir='ltr'>Ter.</span> <span class='ocrx_word' id='word_1_231' title='bbox 406 1964 474 2005; x_wconf 83' lang='lat' dir='ltr'>Sic</span> <span class='ocrx_word' id='word_1_232' title='bbox 504 1969 625 2006; x_wconf 84' lang='lat' dir='ltr'>etiam</span> <span class='ocrx_word' id='word_1_233' title='bbox 651 1966 758 2008; x_wconf 81' lang='lat' dir='ltr'>Flor‚</span> 
     </span>
    </p>

    <p class='ocr_par' dir='ltr' id='par_1_8' title="bbox 70 2032 1522 2362">
     <span class='ocr_line' id='line_1_28' title="bbox 186 2032 1522 2091; baseline 0.004 -18"><span class='ocrx_word' id='word_1_234' title='bbox 186 2033 223 2083; x_wconf 89' lang='lat'>§.</span> <span class='ocrx_word' id='word_1_235' title='bbox 257 2036 323 2073; x_wconf 88' lang='lat'>57.</span> <span class='ocrx_word' id='word_1_236' title='bbox 378 2032 569 2074; x_wconf 77' lang='lat' dir='ltr'>Acriora.</span> <span class='ocrx_word' id='word_1_237' title='bbox 624 2033 763 2075; x_wconf 82' lang='lat' dir='ltr'>Tul-ic.</span> <span class='ocrx_word' id='word_1_238' title='bbox 795 2038 993 2076; x_wconf 84' lang='lat' dir='ltr'>accriora.</span> <span class='ocrx_word' id='word_1_239' title='bbox 1088 2047 1178 2075; x_wconf 83' lang='lat' dir='ltr'>sunt</span> <span class='ocrx_word' id='word_1_240' title='bbox 1206 2048 1242 2076; x_wconf 79' lang='lat' dir='ltr'>et</span> <span class='ocrx_word' id='word_1_241' title='bbox 1272 2036 1369 2091; x_wconf 77' lang='lat' dir='ltr'>eleg.</span> <span class='ocrx_word' id='word_1_242' title='bbox 1413 2036 1522 2078; x_wconf 90' lang='lat' dir='ltr'>Flor.</span> 
     </span>
     <span class='ocr_line' id='line_1_29' title="bbox 71 2095 1522 2162; baseline 0.002 -19"><span class='ocrx_word' id='word_1_243' title='bbox 71 2101 213 2155; x_wconf 86' lang='lat' dir='ltr'>Camp.</span> <span class='ocrx_word' id='word_1_244' title='bbox 247 2111 283 2139; x_wconf 86' lang='lat' dir='ltr'>et</span> <span class='ocrx_word' id='word_1_245' title='bbox 299 2099 346 2141; x_wconf 86' lang='lat' dir='ltr'>el.</span> <span class='ocrx_word' id='word_1_246' title='bbox 367 2117 401 2142; x_wconf 90' lang='lat' dir='ltr'>s.</span> <span class='ocrx_word' id='word_1_247' title='bbox 487 2101 562 2142; x_wconf 75' lang='lat' dir='ltr'>his.</span> <span class='ocrx_word' id='word_1_248' title='bbox 605 2101 732 2142; x_wconf 87' lang='lat' dir='ltr'>Amb.</span> <span class='ocrx_word' id='word_1_249' title='bbox 758 2108 796 2144; x_wconf 85' lang='lat'>1.</span> <span class='ocrx_word' id='word_1_250' title='bbox 827 2095 951 2144; x_wconf 86' lang='lat' dir='ltr'>Goth.</span> <span class='ocrx_word' id='word_1_251' title='bbox 982 2106 1044 2144; x_wconf 79' lang='lat' dir='ltr'>iis.</span> <span class='ocrx_word' id='word_1_252' title='bbox 1132 2105 1339 2162; x_wconf 64' lang='lat' dir='ltr'>referatur.</span> <span class='ocrx_word' id='word_1_253' title='bbox 1382 2105 1522 2147; x_wconf 84' lang='lat' dir='ltr'>Turio.</span> 
     </span>
     <span class='ocr_line' id='line_1_30' title="bbox 72 2169 1521 2225; baseline 0.004 -15"><span class='ocrx_word' id='word_1_254' title='bbox 72 2180 280 2210; x_wconf 82' lang='lat' dir='ltr'>reseratur.</span> <span class='ocrx_word' id='word_1_255' title='bbox 367 2186 465 2224; x_wconf 82' lang='lat' dir='ltr'>quae</span> <span class='ocrx_word' id='word_1_256' title='bbox 478 2172 577 2223; x_wconf 84' lang='lat' dir='ltr'>jam.</span> <span class='ocrx_word' id='word_1_257' title='bbox 617 2169 685 2210; x_wconf 89' lang='lat' dir='ltr'>Sic</span> <span class='ocrx_word' id='word_1_258' title='bbox 705 2174 827 2210; x_wconf 79' lang='lat' dir='ltr'>etiam</span> <span class='ocrx_word' id='word_1_259' title='bbox 845 2171 877 2212; x_wconf 91' lang='lat' dir='ltr'>F</span> <span class='ocrx_word' id='word_1_260' title='bbox 879 2175 953 2212; x_wconf 90' lang='lat' dir='ltr'>lor.</span> <span class='ocrx_word' id='word_1_261' title='bbox 975 2171 1066 2212; x_wconf 86' lang='lat' dir='ltr'>Par.</span> <span class='ocrx_word' id='word_1_262' title='bbox 1094 2177 1131 2214; x_wconf 91' lang='lat'>1.</span> <span class='ocrx_word' id='word_1_263' title='bbox 1155 2179 1212 2225; x_wconf 86' lang='lat'>2.,</span> <span class='ocrx_word' id='word_1_264' title='bbox 1245 2175 1316 2213; x_wconf 87' lang='lat' dir='ltr'>sed</span> <span class='ocrx_word' id='word_1_265' title='bbox 1333 2172 1462 2214; x_wconf 84' lang='lat' dir='ltr'>Amb.</span> <span class='ocrx_word' id='word_1_266' title='bbox 1481 2179 1521 2216; x_wconf 91' lang='lat'>1.</span> 
     </span>
     <span class='ocr_line' id='line_1_31' title="bbox 70 2237 1434 2294; baseline 0.003 -16"><span class='ocrx_word' id='word_1_267' title='bbox 70 2242 166 2294; x_wconf 82' lang='lat' dir='ltr'>quia</span> <span class='ocrx_word' id='word_1_268' title='bbox 191 2241 226 2292; x_wconf 88' lang='lat' dir='ltr'>j.</span> <span class='ocrx_word' id='word_1_269' title='bbox 336 2237 588 2292; x_wconf 77' lang='lat' dir='ltr'>jocabantur.</span> <span class='ocrx_word' id='word_1_270' title='bbox 636 2237 774 2281; x_wconf 83' lang='lat' dir='ltr'>Turio.</span> <span class='ocrx_word' id='word_1_271' title='bbox 806 2255 828 2279; x_wconf 86' lang='lat' dir='ltr'>a</span> <span class='ocrx_word' id='word_1_272' title='bbox 854 2256 916 2294; x_wconf 85' lang='lat' dir='ltr'>pr.</span> <span class='ocrx_word' id='word_1_273' title='bbox 946 2256 1002 2281; x_wconf 84' lang='lat' dir='ltr'>m.</span> <span class='ocrx_word' id='word_1_274' title='bbox 1036 2239 1146 2281; x_wconf 90' lang='lat' dir='ltr'>Flor.</span> <span class='ocrx_word' id='word_1_275' title='bbox 1177 2242 1434 2283; x_wconf 77' lang='lat' dir='ltr'>vocabantur.</span> 
     </span>
     <span class='ocr_line' id='line_1_32' title="bbox 70 2305 1519 2362; baseline 0.001 -15"><span class='ocrx_word' id='word_1_276' title='bbox 70 2306 337 2362; x_wconf 80' lang='lat' dir='ltr'>Serapionem.</span> <span class='ocrx_word' id='word_1_277' title='bbox 396 2305 504 2346; x_wconf 87' lang='lat' dir='ltr'>Flor.</span> <span class='ocrx_word' id='word_1_278' title='bbox 538 2309 659 2346; x_wconf 85' lang='lat' dir='ltr'>etiam</span> <span class='ocrx_word' id='word_1_279' title='bbox 691 2318 727 2346; x_wconf 81' lang='lat' dir='ltr'>et</span> <span class='ocrx_word' id='word_1_280' title='bbox 751 2311 994 2351; x_wconf 82' lang='lat' dir='ltr'>serationem.</span> <span class='ocrx_word' id='word_1_281' title='bbox 1053 2308 1180 2351; x_wconf 88' lang='lat' dir='ltr'>Amb.</span> <span class='ocrx_word' id='word_1_282' title='bbox 1203 2316 1240 2350; x_wconf 85' lang='lat'>1.</span> <span class='ocrx_word' id='word_1_283' title='bbox 1273 2313 1519 2352; x_wconf 82' lang='lat' dir='ltr'>serationem.</span> 
     </span>
    </p>

    <p class='ocr_par' dir='ltr' id='par_1_9' title="bbox 71 2365 1518 2496">
     <span class='ocr_line' id='line_1_33' title="bbox 154 2365 1518 2434; baseline 0.004 -20"><span class='ocrx_word' id='word_1_284' title='bbox 154 2391 201 2415; x_wconf 81' lang='lat' dir='ltr'>ea</span> <span class='ocrx_word' id='word_1_285' title='bbox 227 2399 285 2406; x_wconf 92' lang='lat'>--</span> <span class='ocrx_word' id='word_1_286' title='bbox 309 2377 471 2429; x_wconf 78' lang='lat' dir='ltr'>petitur.</span> <span class='ocrx_word' id='word_1_287' title='bbox 529 2373 672 2430; x_wconf 83' lang='lat' dir='ltr'>Camp.</span> <span class='ocrx_word' id='word_1_288' title='bbox 712 2392 758 2416; x_wconf 81' lang='lat' dir='ltr'>ea</span> <span class='ocrx_word' id='word_1_289' title='bbox 787 2376 836 2416; x_wconf 79' lang='lat' dir='ltr'>ab</span> <span class='ocrx_word' id='word_1_290' title='bbox 866 2376 967 2419; x_wconf 74' lang='lat' dir='ltr'>hom.</span> <span class='ocrx_word' id='word_1_291' title='bbox 994 2377 1100 2419; x_wconf 71' lang='lat' dir='ltr'>morl.</span> <span class='ocrx_word' id='word_1_292' title='bbox 1131 2394 1169 2418; x_wconf 86' lang='lat' dir='ltr'>n.</span> <span class='ocrx_word' id='word_1_293' title='bbox 1195 2389 1274 2434; x_wconf 81' lang='lat' dir='ltr'>pet.</span> <span class='ocrx_word' id='word_1_294' title='bbox 1334 2365 1338 2366; x_wconf 25' lang='lat'><em>⁷</em></span> <span class='ocrx_word' id='word_1_295' title='bbox 1391 2377 1518 2419; x_wconf 82' lang='lat' dir='ltr'>albus.</span> 
     </span>
     <span class='ocr_line' id='line_1_34' title="bbox 71 2440 555 2496; baseline -0.002 -12"><span class='ocrx_word' id='word_1_296' title='bbox 71 2440 210 2484; x_wconf 81' lang='lat' dir='ltr'>Turic-</span> <span class='ocrx_word' id='word_1_297' title='bbox 241 2458 340 2496; x_wconf 88' lang='lat' dir='ltr'>apr.</span> <span class='ocrx_word' id='word_1_298' title='bbox 359 2458 416 2482; x_wconf 88' lang='lat' dir='ltr'>m.</span> <span class='ocrx_word' id='word_1_299' title='bbox 445 2443 555 2484; x_wconf 77' lang='lat' dir='ltr'>abus.</span> 
     </span>
    </p>

    <p class='ocr_par' dir='ltr' id='par_1_10' title="bbox 69 2510 1518 2709">
     <span class='ocr_line' id='line_1_35' title="bbox 183 2510 1516 2570; baseline 0.003 -20"><span class='ocrx_word' id='word_1_300' title='bbox 183 2515 220 2564; x_wconf 82' lang='lat'>§.</span> <span class='ocrx_word' id='word_1_301' title='bbox 252 2514 317 2552; x_wconf 88' lang='grc'><strong>58.</strong></span> <span class='ocrx_word' id='word_1_302' title='bbox 388 2510 435 2552; x_wconf 86' lang='grc' dir='ltr'>Ρ.</span> <span class='ocrx_word' id='word_1_303' title='bbox 475 2511 649 2551; x_wconf 84' lang='lat' dir='ltr'>Blessus.</span> <span class='ocrx_word' id='word_1_304' title='bbox 717 2511 843 2554; x_wconf 83' lang='lat' dir='ltr'>Amb.</span> <span class='ocrx_word' id='word_1_305' title='bbox 881 2519 919 2555; x_wconf 89' lang='lat'>1.</span> <span class='ocrx_word' id='word_1_306' title='bbox 960 2532 1001 2570; x_wconf 86' lang='lat' dir='ltr'>p.</span> <span class='ocrx_word' id='word_1_307' title='bbox 1047 2513 1220 2555; x_wconf 79' lang='lat' dir='ltr'>blessius.</span> <span class='ocrx_word' id='word_1_308' title='bbox 1345 2513 1516 2554; x_wconf 81' lang='lat' dir='ltr'>Junium.</span> 
     </span>
     <span class='ocr_line' id='line_1_36' title="bbox 69 2576 1518 2633; baseline 0.003 -14"><span class='ocrx_word' id='word_1_309' title='bbox 69 2576 198 2619; x_wconf 84' lang='lat' dir='ltr'>Amb.</span> <span class='ocrx_word' id='word_1_310' title='bbox 222 2583 260 2620; x_wconf 91' lang='lat'>1.</span> <span class='ocrx_word' id='word_1_311' title='bbox 285 2578 437 2633; x_wconf 85' lang='lat' dir='ltr'>julium.</span> <span class='ocrx_word' id='word_1_312' title='bbox 480 2579 597 2622; x_wconf 89' lang='lat' dir='ltr'>Voss.</span> <span class='ocrx_word' id='word_1_313' title='bbox 619 2587 657 2622; x_wconf 87' lang='lat'>2.</span> <span class='ocrx_word' id='word_1_314' title='bbox 677 2584 847 2623; x_wconf 80' lang='lat' dir='ltr'>vimium.</span> <span class='ocrx_word' id='word_1_315' title='bbox 892 2581 1066 2625; x_wconf 84' lang='lat' dir='ltr'>Colbert.</span> <span class='ocrx_word' id='word_1_316' title='bbox 1088 2587 1246 2623; x_wconf 83' lang='lat' dir='ltr'>vinium.</span> <span class='ocrx_word' id='word_1_317' title='bbox 1329 2598 1518 2624; x_wconf 82' lang='lat' dir='ltr'>macrum.</span> 
     </span>
     <span class='ocr_line' id='line_1_37' title="bbox 73 2645 1193 2709; baseline 0.004 -20"><span class='ocrx_word' id='word_1_318' title='bbox 73 2645 212 2702; x_wconf 87' lang='lat' dir='ltr'>Camp.</span> <span class='ocrx_word' id='word_1_319' title='bbox 238 2663 425 2690; x_wconf 82' lang='lat' dir='ltr'>marcum.</span> <span class='ocrx_word' id='word_1_320' title='bbox 540 2648 668 2704; x_wconf 80' lang='lat' dir='ltr'>Quod.</span> <span class='ocrx_word' id='word_1_321' title='bbox 718 2648 857 2693; x_wconf 61' lang='lat' dir='ltr'>Tus-io,</span> <span class='ocrx_word' id='word_1_322' title='bbox 889 2666 913 2692; x_wconf 81' lang='lat' dir='ltr'><strong>a</strong></span> <span class='ocrx_word' id='word_1_323' title='bbox 940 2667 1000 2707; x_wconf 83' lang='lat' dir='ltr'>pr.</span> <span class='ocrx_word' id='word_1_324' title='bbox 1028 2668 1083 2694; x_wconf 91' lang='lat' dir='ltr'>m.</span> <span class='ocrx_word' id='word_1_325' title='bbox 1111 2655 1193 2709; x_wconf 85' lang='lat' dir='ltr'>qui.</span> 
     </span>
    </p>
   </div>
  </div>
 </body>
</html>
