1721 2974
172 176 253 215 252
603 171 874 227 Supplemema
920 171 1181 209 annoiationis

171 285 358 337 seper-avi.
473 283 630 339 aliquid
670 299 754 336 per.
812 279 881 321 Sic
920 283 1042 320 etiam
1080 280 1172 321 Par.
1205 285 1242 320 1.
1273 286 1312 321 2.
1434 293 1468 321 et
1497 300 1606 337 quae.

169 350 278 392 Flor.
308 362 342 390 et
372 367 499 406 quam.
559 349 693 391 Guelf.
723 349 833 389 Jens.
873 357 912 388 et
942 350 1033 388 edd.
1065 358 1156 389 ante
1185 347 1288 388 Bad.
1320 350 1443 388 etiam
1470 366 1579 403 quac.

284 431 321 482 §.
354 435 420 471 12.
478 445 553 484 quo
579 428 690 482 prob.
721 426 847 467 Amb.
873 432 911 467 1.
934 433 973 467 2.
1004 425 1110 466 Flor.
1140 426 1230 467 Par.
1257 433 1295 467 1.
1317 433 1356 468 2.
1384 433 1422 467 3.
1453 443 1610 482 quoque

170 498 276 553 quod
300 515 363 552 pr.
480 495 581 551 quocl
611 505 690 534 aut.
747 493 872 534 Amb.
893 501 932 535 2.
965 510 1044 534 om.
1077 494 1190 549 quod.
1296 497 1425 534 certis.
1482 495 1610 535 Amb.

169 572 211 607 2.
244 577 382 605 cerias.
495 563 666 602 videmus
705 562 897 602 audimus.
958 560 1082 603 Goth.
1112 558 1230 602 Voss.
1253 568 1292 602 2.
1321 563 1468 603 Vidov.
1498 562 1608 603 Jens.

168 642 209 673 et
239 633 329 673 edd.
362 640 454 671 ante
485 629 662 684 Gryph.,
704 645 792 670 exc.
824 629 937 670 Sich.
966 630 1134 669 vidimus
1155 630 1387 671 audivimus.
1502 647 1548 670 ea
1569 633 1610 670 in

167 718 277 757 quac.
335 699 459 739 Amb.
495 703 531 738 1.
569 704 609 739 2.
650 697 757 738 Flor.
789 700 978 737 omittunt
1009 701 1063 738 in.
1177 714 1414 738 consensum.
1470 697 1609 738 Turio.

170 768 401 824 corgfhssum.
458 765 564 806 Flor.
596 781 619 805 a
649 782 708 820 pr.
739 781 795 805 m.
829 764 1058 822 confissum.
1185 766 1292 805 Deos
1320 782 1413 806 esse.
1472 763 1608 806 Guelf.

169 837 352 876 ordinem
377 843 519 875 mutat.

283 915 323 964 §.
355 919 422 954 13.
480 912 638 966 legibus.
696 909 822 951 Amb.
844 917 880 951 1.
912 910 1086 965 legimus.
1183 914 1446 967 persuasione.
1497 911 1606 953 Jeus,

167 980 268 1022 Loc,
298 980 406 1022 Ven.
435 998 505 1035 per
533 982 760 1019 suasionem.
874 981 1025 1019 etiamsi
1053 997 1141 1020 non.
1201 977 1337 1020 Guelf.
1367 983 1483 1019 etiam
1512 983 1606 1019 sinc.

169 1048 292 1089 Goth.
323 1049 440 1089 Voss.
459 1054 498 1088 3.
529 1049 602 1086 etsi
625 1064 712 1087 non.
825 1048 937 1087 inter.
996 1047 1121 1087 Aan.
1144 1053 1181 1087 1.
1215 1051 1270 1087 ιἰι.
1386 1051 1606 1102 cuicunque.

166 1117 303 1158 Turic.
334 1120 563 1172 quicunque.
620 1115 745 1155 Amb.
775 1120 811 1155 1.
839 1113 947 1154 Flor.
981 1132 1238 1170 quaecunque.

279 1199 315 1249 ξ.
349 1197 416 1236 14.
474 1193 786 1234 administranda
818 1218 874 1224 -—
905 1211 1002 1248 resp.
1034 1197 1097 1234 sit.
1168 1192 1286 1245 Quae
1316 1194 1426 1234 hisce
1454 1197 1610 1247 interji-

167 1267 328 1305 ciuntur
356 1267 499 1303 absunt
531 1277 688 1317 quoque
717 1264 765 1300 ab
795 1261 919 1301 Amb.
945 1267 981 1302 1.
1004 1269 1044 1302 2.
1074 1261 1184 1301 Flor.
1287 1265 1378 1318 fiet.
1419 1262 1544 1303 Amb.
1571 1269 1608 1304 1.

156 1335 252 1388 fiat.
369 1331 535 1386 liquebit.
593 1329 699 1369 Flor.
733 1345 754 1368 a
783 1345 842 1382 pr.
876 1346 930 1370 m.
964 1345 1125 1384 quoque
1156 1329 1302 1370 licebit.

281 1413 316 1464 §.
352 1415 416 1451 15.
477 1409 611 1448 Debet.
670 1408 755 1448 Par.
788 1414 824 1449 1.
860 1415 897 1449 2.
941 1407 1065 1449 Goth,
1102 1407 1210 1448 Jens.
1251 1412 1351 1450 Loc.
1391 1409 1498 1450 Veu.
1540 1410 1609 1449 cle-

168 1480 267 1519 bcni.
384 1488 419 1516 et
456 1476 547 1531 quid
589 1493 770 1530 quaeque.
832 1474 970 1516 Turio.
1001 1476 1113 1517 Alm.
1145 1488 1179 1516 et
1209 1478 1302 1532 quill
1332 1495 1439 1533 quae.
1495 1477 1606 1521 Flor.

168 1557 204 1586 et
245 1563 416 1601 quaeque
452 1544 554 1598 quid.
675 1544 909 1598 plerumque.
979 1543 1187 1585 Omittunt
1223 1544 1344 1587 Amb.
1395 1551 1429 1586 1.
1471 1546 1608 1587 Turic.

167 1614 274 1655 Flor.
307 1630 329 1653 a
360 1630 418 1666 pr.
448 1628 502 1651 m.
533 1611 648 1651 Alm.
763 1612 922 1666 efficiat.
983 1612 1119 1652 Turic.
1150 1613 1257 1654 Flor.
1289 1629 1311 1652 a
1329 1630 1387 1667 pr.
1408 1630 1463 1655 m.
1493 1611 1608 1655 Alm.

168 1684 304 1738 efficit.
418 1681 506 1719 hinc
545 1683 656 1719 enim.
714 1679 839 1719 Amb.
871 1684 907 1717 1.
940 1686 979 1719 2.
1020 1679 1127 1720 Flor.
1169 1680 1258 1721 Par.
1293 1687 1331 1721 1.
1361 1688 1400 1722 2.
1433 1688 1472 1722 3.
1513 1684 1613 1723 nihil

169 1753 280 1790 enim.
392 1746 540 1788 εἷκότα.
602 1746 725 1787 Goth.
758 1746 896 1798 Camp.
929 1749 1049 1787 icoia.

283 1829 319 1879 ξ.
354 1832 419 1867 16.
493 1828 598 1880 quia.
667 1826 734 1866 Sic
775 1829 896 1864 etiam
941 1824 1066 1865 Amb.
1110 1831 1147 1865 1.
1190 1832 1229 1866 2.
1277 1825 1383 1867 Flor.
1437 1827 1527 1868 Par.
1568 1834 1605 1869 1.

169 1904 209 1939 2.
235 1902 272 1936 3.
389 1897 524 1933 amari.
584 1893 689 1932 Flor.
723 1909 822 1946 apr.
842 1908 897 1931 m.
927 1909 1071 1933 amare.
1189 1896 1414 1935 crastinum.
1472 1893 1608 1936 Guelf.

168 1975 350 2005 castrum.
464 1963 528 2016 qui
557 1961 669 2000 (lomi.
727 1960 852 2000 Amb.
876 1965 914 1999 2.
947 1960 1051 2014 quod
1082 1963 1194 1999 omni.

280 2046 317 2095 §.
352 2045 417 2081 17.
477 2041 571 2094 quic]
600 2043 733 2094 cuique
764 2039 862 2078 hom.
917 2039 1007 2079 Par.
1041 2045 1078 2080 1.
1120 2040 1225 2094 quod
1254 2057 1287 2080 c.
1321 2040 1357 2080 Ῑι.
1473 2040 1608 2082 soleat.

167 2111 292 2152 Amb.
319 2114 356 2149 1.
391 2114 430 2149 2.
460 2107 566 2147 Flor.
596 2107 687 2147 Par.
713 2112 750 2146 1.
773 2113 812 2147 2.
834 2112 872 2147 3.
903 2122 1060 2162 quoque
1092 2108 1214 2159 solet‚·
1262 2109 1310 2147 de
1342 2107 1477 2148 Turic.
1504 2110 1609 2148 nihil

167 2186 414 2219 annotatum.
543 2176 638 2230 quid
676 2192 755 2230 seq.
814 2172 935 2215 Amb.
969 2181 1006 2215 1.
1046 2178 1131 2230 quis
1167 2193 1200 2216 s.
1267 2175 1373 2216 Flor.
1411 2175 1535 2215 Amb.
1566 2182 1606 2217 2.

167 2247 280 2287 Sich.
315 2249 436 2284 etiam
466 2247 532 2298 qni
559 2261 590 2284 S.
705 2243 821 2283 modo
845 2260 917 2283 res.
978 2241 1111 2283 Guelf.
1137 2261 1167 2283 r.
1185 2261 1238 2284 m.
1352 2259 1442 2298 app.
1471 2243 1607 2285 soleat.

167 2314 305 2355 TurIc.
334 2312 440 2352 Flor.
472 2329 560 2366 app.
597 2311 731 2351 solen!-

284 2383 320 2432 §.
348 2385 413 2420 18.
474 2381 675 2418 communi.
732 2376 856 2418 Amb.
879 2383 915 2418 1.
941 2394 1150 2418 commune.
1265 2387 1332 2417 aut
1356 2381 1499 2431 potius.
1540 2378 1608 2420 Sic

170 2452 290 2488 eiiam
319 2448 408 2487 Par.
433 2452 468 2487 1.
490 2453 527 2486 2.

282 2519 318 2567 §.
355 2521 420 2555 19.
466 2517 614 2570 fluunt.
671 2511 796 2553 Amb.
830 2518 867 2552 1.
896 2518 934 2553 2.
974 2512 1080 2552 Flor.
1112 2511 1213 2570 Par..
1237 2515 1273 2550 1.
1309 2518 1347 2552 2.
1377 2518 1416 2552 3.
1447 2529 1609 2568 quoque

159 2585 279 2638 fiunt.
381 2583 448 2622 An
480 2582 624 2622 crcclib.
682 2580 806 2620 Amb.
834 2585 870 2619 1.
902 2589 943 2618 at
974 2579 1078 2618 cred.
1178 2578 1421 2620 adulterium.
1474 2579 1606 2622 Guels.

170 2649 398 2689 adulterum.
516 2650 584 2689 illa
630 2665 786 2703 quoquc.
844 2647 949 2687 Flor.
993 2651 1112 2688 etiam
1152 2664 1300 2701 quoque
1327 2647 1410 2688 ilfa.
1513 2647 1609 2704 fal-
