1757 2979
443 165 496 207 ad
527 164 696 220 Quintil.
726 165 857 206 Instit.
886 165 944 214 X,
975 169 1015 206 7.
1047 165 1084 216 §.
1117 167 1287 216 4-‚-32.
1501 163 1584 204 427

142 288 299 332 natam,
350 281 566 336 quicquam
607 295 679 334 ego
721 282 851 320 facere
889 279 940 319 ad
977 280 1128 319 animos
1163 280 1339 318 militum
1381 276 1583 329 augendos

144 350 418 387 existimarim.
429 347 445 400 ]

256 416 293 467 ᾧ.
327 419 391 456 17.
448 417 675 470 praemium.
716 413 806 456 Par.
833 419 870 454 1.
891 420 929 456 2.
951 419 987 454 6.
1015 412 1140 455 Amb.
1165 419 1204 455 2.
1235 413 1414 468 pretium.
1503 427 1589 466 spe-

147 493 268 523 ciant.
310 482 403 523 Par.
432 488 469 524 1.
492 493 734 537 eoespectant.

258 552 293 604 §.
330 555 395 592 19.
455 567 528 589 non
551 553 674 605 ipsum
701 562 793 590 tam.
832 549 925 593 Par,
947 556 987 592 2.
1009 567 1086 592 sec.
1112 566 1167 595 m,
1188 552 1215 590 ἰ.
1239 567 1276 589 n.
1297 558 1325 590 t.
1372 546 1465 588 Par.
1490 551 1527 586 1.
1550 551 1590 587 6.

147 615 273 658 Amb.
296 623 335 658 2.
360 634 438 658 om.
461 628 554 658 iam.

259 689 295 738 §.
328 691 394 726 20.
454 696 604 726 tamam
630 709 687 723 --
713 685 921 741 fiduciam.
975 689 1040 726 Sic
1067 683 1159 726 Par.
1192 691 1232 726 2.
1266 690 1304 726 6.
1356 694 1468 723 tanta
1495 699 1526 721 e·
1549 685 1592 722 ἧι.

143 751 296 806 fiducia
315 752 408 794 Par.
434 759 469 794 1.
489 752 615 795 Amb.
636 760 675 795 2.
761 753 890 792 velim.
939 769 1019 795 om.
1045 753 1136 793 Par.
1161 758 1198 794 1.
1224 759 1262 792 2.
1288 757 1325 793 6.
1346 750 1474 792 Amb.
1497 756 1537 791 2.

263 822 300 871 §.
333 827 400 861 22.
458 823 495 859 si
520 823 713 875 consequi,
772 820 866 862 Par.
909 827 944 860 1.
977 826 1016 858 6.
1059 834 1138 859 om.
1188 817 1399 874 (intellige
1427 821 1598 859 verbum

150 891 349 942 consequi,
391 896 437 927 ut
454 897 494 940 et
512 888 638 928 Amb.
662 887 730 942 2.)
770 889 805 925 si
823 889 928 940 sequi
955 886 1046 927 Par.
1070 893 1109 927 2.
1131 902 1208 926 sec.
1231 903 1288 928 m.

261 956 297 1006 §.
331 960 398 994 23.
455 957 601 1009 potiuS.
659 953 728 994 Sic
758 953 848 995 Par.
882 960 922 994 2.
957 970 1034 994 Sec.
1063 970 1118 995 ln.
1165 958 1343 1009 protinus
1376 953 1469 996 Par.
1493 959 1531 995 1.
1559 959 1598 995 6.

149 1021 274 1064 Amb.
298 1029 338 1063 2.
428 1038 501 1078 quo
523 1021 660 1061 volens.
701 1021 790 1062 Par.
811 1026 847 1060 1.
870 1027 910 1062 2.
941 1020 1067 1063 Amb.
1093 1028 1132 1063 2.
1155 1025 1219 1077 qui
1238 1038 1276 1062 υ.

264 1096 300 1144 §.
332 1092 400 1132 24.
461 1090 618 1130 labitur.
669 1089 761 1131 Par.
788 1095 823 1129 1.
850 1095 889 1129 2.
916 1094 953 1131 6.
984 1088 1110 1130 Amb.
1136 1096 1177 1131 2.
1207 1092 1375 1144 capitur.
1457 1089 1603 1144 paulus·

154 1158 245 1199 lum.
288 1158 380 1199 Par.
397 1164 433 1199 1.
448 1164 486 1199 2.
503 1163 542 1198 6.
564 1157 688 1197 Amb.
704 1164 737 1198 2.
755 1157 929 1212 paulum.
1016 1160 1148 1201 simus.
1189 1156 1256 1198 Sic
1277 1156 1370 1207 Par.
1393 1162 1433 1198 6.
1471 1174 1602 1197 sumus

153 1226 248 1269 Par.
274 1231 309 1267 1.
332 1232 372 1267 2.
464 1228 633 1280 quisque.
672 1224 741 1265 Sic
765 1224 855 1265 Par.
881 1230 918 1265 1.
943 1231 982 1266 2.
1010 1231 1048 1265 6.
1071 1224 1197 1267 Amb.
1218 1231 1258 1266 2.

269 1296 302 1345 ξ.
335 1298 402 1335 25.
463 1294 535 1333 Est
559 1293 642 1334 illa.
683 1293 773 1334 Par.
797 1298 832 1334 1.
855 1299 892 1334 2.
921 1298 959 1333 6.
983 1303 1037 1332 est
1056 1292 1150 1342 alia,
1184 1302 1304 1346 recte,
1334 1302 1373 1333 et
1390 1296 1513 1334 miror
1533 1310 1604 1334 cur

157 1360 295 1415 Spald.
328 1377 374 1402 eo
403 1376 487 1401 non
517 1365 567 1401 sit
597 1377 689 1401 usus
720 1364 850 1416 potius
873 1377 995 1416 quam
1015 1363 1208 1413 corrigere
1227 1363 1412 1402 voluerit.
1499 1365 1606 1402 intra

157 1447 197 1469 se
218 1433 355 1484 ipsum.
406 1429 497 1470 Par.
530 1435 570 1470 2.
601 1445 678 1469 sec.
708 1444 765 1470 m.
794 1444 875 1469 om.
909 1445 961 1469 se.
1020 1427 1112 1469 Par.
1137 1433 1173 1470 1.
1194 1433 1233 1469 6.
1253 1427 1380 1470 Amb.
1403 1436 1443 1471 2.
1468 1441 1608 1470 contra

158 1499 297 1551 ipsum.
394 1508 428 1536 ct
459 1509 639 1551 tempore.
692 1495 785 1537 Par.
813 1501 849 1536 1.
868 1502 906 1538 2.
932 1501 969 1537 6,
992 1511 1073 1538 om.
1099 1506 1148 1536 et.
1247 1507 1280 1535 ct
1302 1496 1401 1538 loco.
1447 1497 1541 1538 Par.
1563 1503 1605 1538 2.

160 1581 238 1605 om.
262 1575 310 1605 et.
357 1564 450 1605 Par.
475 1570 513 1604 1.
539 1570 576 1603 6.
601 1581 641 1602 re
659 1563 758 1604 loco.
807 1563 933 1605 Amb.
956 1570 994 1605 2.
1016 1575 1071 1603 esi
1094 1575 1260 1619 {empore
1283 1575 1319 1604 te
1347 1567 1450 1606 sicut
1471 1563 1606 1607 Guelf.

272 1630 307 1683 ξ.
338 1638 406 1675 26.
466 1635 503 1672 in
528 1631 626 1672 alia.
666 1630 734 1672 Sic
755 1630 848 1672 Par.
872 1636 911 1672 1.
933 1637 974 1673 2.
996 1636 1035 1672 6.
1057 1630 1181 1672 Amb.
1203 1638 1243 1673 2.

273 1703 308 1753 §.
343 1705 411 1742 27.
471 1698 700 1739 lum-ativae.
743 1698 811 1738 Sic
836 1697 926 1740 Par.
949 1704 985 1740 2.
1010 1703 1047 1740 6.
1077 1698 1200 1739 Amb.
1220 1705 1260 1741 2.
1314 1698 1416 1739 lucri
1435 1698 1499 1738 vel
1516 1697 1608 1739 Par.

163 1774 200 1809 1.
260 1767 352 1821 [De
382 1766 427 1807 C.
459 1776 497 1806 et
532 1766 605 1807 Cn.
639 1766 910 1817 Carbonibus,
951 1770 1075 1807 altero
1097 1770 1375 1822 eloquentiae,
1407 1770 1530 1807 altero
1553 1769 1611 1806 rei

161 1839 342 1875 militaris
362 1836 536 1884 studioso
552 1867 562 1885 ‚
599 1837 650 1875 cf.
674 1833 852 1875 Ellendt.
874 1838 917 1873 in
936 1834 1119 1888 Prolegg.
1143 1837 1192 1874 ad
1214 1834 1415 1876 Ciceronis
1435 1833 1612 1876 Brutum

162 1919 202 1957 p.
227 1903 319 1955 37.]
348 1902 485 1942 Verba
505 1913 571 1940 aut
592 1901 645 1941 acl
664 1901 860 1955 lege-mlum
882 1904 1026 1943 desunt
1053 1906 1174 1942 etiam
1192 1906 1236 1942 in
1254 1902 1379 1943 Amb.
1399 1908 1438 1943 2.

276 1973 310 2024 ξ.
345 1974 411 2011 28.
468 1968 678 2023 loquemur.
718 1968 785 2009 Sic
815 1968 908 2009 Par.
927 1975 968 2009 2.
993 1975 1030 2009 6.
1080 1970 1274 2025 loquimur
1302 1969 1394 2011 Par.
1426 1975 1461 2010 1.
1549 1973 1613 2010 in-

166 2049 322 2078 natans.
365 2036 455 2078 Par.
478 2041 515 2076 1.
538 2039 617 2075 ima
639 2047 759 2076 trans·
797 2035 889 2076 Par.
911 2042 951 2077 2.
973 2039 1137 2089 intrans.
1175 2036 1303 2078 Amb.
1325 2044 1366 2078 2.
1389 2054 1467 2077 una
1488 2048 1612 2078 ircms.

250 2105 465 2145 reducetur.
519 2103 610 2144 Par.
643 2109 681 2144 1.
713 2108 754 2144 2.
791 2108 828 2144 6.
858 2101 983 2145 Amb.
1013 2110 1053 2145 2.
1085 2104 1308 2146 reducatur.
1396 2116 1615 2160 amputant.

166 2173 291 2215 Amb.
315 2179 354 2215 2.
379 2182 587 2227 amputent.
672 2171 831 2212 ducant.
878 2171 946 2213 Sio
969 2173 1061 2214 Par.
1085 2179 1122 2216 1.
1144 2179 1182 2215 2.
1229 2173 1373 2215 ducunt
1394 2172 1487 2214 Par.
1515 2180 1553 2215 5.
1575 2179 1613 2214 6.

167 2241 294 2283 Amb.
313 2247 354 2282 2.

283 2310 322 2359 §.
354 2313 422 2350 29.
481 2308 549 2362 [an
569 2318 780 2362 uirumque.
819 2306 945 2349 Recte
967 2309 1147 2350 Frotsch.
1179 2305 1379 2363 Campani
1398 2309 1617 2350 editionem

169 2386 326 2418 secutus
358 2393 409 2416 an
436 2379 471 2415 si
499 2376 790 2416 restituendum
819 2381 986 2418 censuit.
1044 2377 1184 2432 Neque
1215 2379 1323 2417 enim
1345 2380 1442 2417 cur-zi
1463 2376 1619 2432 aliquid

168 2444 305 2500 facere
323 2446 407 2484 sine
428 2446 718 2498 praepositione
739 2446 832 2483 ferri
850 2444 1016 2499 potest]
1103 2447 1241 2485 anniti.
1282 2444 1374 2486 Par.
1395 2448 1434 2486 2.
1462 2460 1540 2486 sec.
1560 2460 1616 2484 m.

259 2513 427 2552 vincere.
465 2510 557 2553 Par.
583 2516 619 2551 1.
643 2514 815 2553 miscere.
856 2512 946 2553 Par.
971 2517 1008 2553 6.
1029 2516 1142 2553 inere.
1184 2512 1304 2552 Amb.
1325 2518 1363 2554 2.
1391 2515 1545 2554 inicere.

287 2581 325 2632 §.
356 2578 423 2620 32.
482 2580 600 2627 mihi,
630 2596 739 2634 quae.
780 2579 871 2620 Pur.
898 2586 935 2621 1.
956 2588 996 2621 2.
1018 2596 1095 2622 sec.
1116 2597 1170 2621 m.
1193 2584 1309 2621 inser.
1334 2581 1407 2620 hoe
1428 2597 1472 2619 ne
1494 2582 1534 2619 in
1553 2583 1615 2619 iis.

175 2646 269 2689 Par.
294 2652 333 2687 6.
363 2665 407 2687 ne
427 2651 466 2687 in
490 2650 555 2687 iis.
608 2647 731 2688 Amb.
754 2654 792 2688 2.
816 2665 860 2688 nc·
882 2652 919 2688 in
941 2649 1013 2689 his.
1114 2653 1153 2689 13η
1173 2666 1354 2689 summas.
1405 2648 1495 2690 Par.
1522 2653 1557 2687 1.
1578 2653 1615 2687 2.
