<?xml version="1.0" encoding="UTF-8"?>
<!DOCTYPE html PUBLIC "-//W3C//DTD XHTML 1.0 Transitional//EN"
    "http://www.w3.org/TR/xhtml1/DTD/xhtml1-transitional.dtd">
<html xmlns="http://www.w3.org/1999/xhtml" xml:lang="en" lang="en">
 <head>
  <title>
</title>
<meta http-equiv="Content-Type" content="text/html;charset=utf-8" />
  <meta name='ocr-system' content='tesseract 3.04.00' />
  <meta name='ocr-capabilities' content='ocr_page ocr_carea ocr_par ocr_line ocrx_word'/>
</head>
<body>
  <div class='ocr_page' id='page_1' title='image "./deinstitutioneor05quinuoft_0222.png"; bbox 0 0 1721 2974; ppageno 0'>
   <div class='ocr_carea' id='block_1_1' title="bbox 148 187 1154 244">
    <p class='ocr_par' dir='ltr' id='par_1_1' title="bbox 148 187 1154 244">
     <span class='ocr_line' id='line_1_1' title="bbox 148 187 1154 244; baseline -0.003 -14"><span class='ocrx_word' id='word_1_1' title='bbox 148 195 226 231; x_wconf 75' lang='lat'><strong>190</strong></span> <span class='ocrx_word' id='word_1_2' title='bbox 587 187 859 244; x_wconf 77' lang='lat' dir='ltr'><em>Supplemcnm</em></span> <span class='ocrx_word' id='word_1_3' title='bbox 890 190 1154 227; x_wconf 78' lang='lat' dir='ltr'><em>annotationis</em></span> 
     </span>
    </p>
   </div>
   <div class='ocr_carea' id='block_1_2' title="bbox 94 299 1594 2669">
    <p class='ocr_par' dir='ltr' id='par_1_2' title="bbox 139 299 1594 480">
     <span class='ocr_line' id='line_1_2' title="bbox 139 299 1591 361; baseline 0.002 -18"><span class='ocrx_word' id='word_1_4' title='bbox 139 313 345 358; x_wconf 77' lang='lat' dir='ltr'><strong>potuerunt</strong></span> <span class='ocrx_word' id='word_1_5' title='bbox 392 299 515 343; x_wconf 82' lang='lat' dir='ltr'><strong>Amb.</strong></span> <span class='ocrx_word' id='word_1_6' title='bbox 561 308 599 343; x_wconf 90' lang='lat'><strong>1.</strong></span> <span class='ocrx_word' id='word_1_7' title='bbox 737 311 825 340; x_wconf 80' lang='lat' dir='ltr'><strong><em>sunt</em></strong></span> <span class='ocrx_word' id='word_1_8' title='bbox 866 300 936 340; x_wconf 79' lang='lat' dir='ltr'><strong>sed</strong></span> <span class='ocrx_word' id='word_1_9' title='bbox 976 317 1062 354; x_wconf 81' lang='lat' dir='ltr'><strong>arg.</strong></span> <span class='ocrx_word' id='word_1_10' title='bbox 1113 301 1251 344; x_wconf 75' lang='lat' dir='ltr'><strong>Turio.</strong></span> <span class='ocrx_word' id='word_1_11' title='bbox 1302 306 1451 344; x_wconf 82' lang='lat' dir='ltr'><strong>omittit</strong></span> <span class='ocrx_word' id='word_1_12' title='bbox 1499 307 1591 361; x_wconf 74' lang='lat' dir='ltr'><strong>sed5</strong></span> 
     </span>
     <span class='ocr_line' id='line_1_3' title="bbox 141 370 1594 424; baseline 0.001 -14"><span class='ocrx_word' id='word_1_13' title='bbox 141 373 234 411; x_wconf 84' lang='lat' dir='ltr'>inde</span> <span class='ocrx_word' id='word_1_14' title='bbox 276 370 442 424; x_wconf 80' lang='lat' dir='ltr'><strong>Camp.:</strong></span> <span class='ocrx_word' id='word_1_15' title='bbox 501 381 588 409; x_wconf 79' lang='lat' dir='ltr'><em>sunt</em></span> <span class='ocrx_word' id='word_1_16' title='bbox 617 384 771 422; x_wconf 74' lang='lat' dir='ltr'><strong>argum.</strong></span> <span class='ocrx_word' id='word_1_17' title='bbox 832 379 868 408; x_wconf 79' lang='lat' dir='ltr'><strong>et</strong></span> <span class='ocrx_word' id='word_1_18' title='bbox 904 372 1163 424; x_wconf 65' lang='lat' dir='ltr'><strong><em>expositione.</em></strong></span> <span class='ocrx_word' id='word_1_19' title='bbox 1296 374 1423 413; x_wconf 78' lang='lat' dir='ltr'><strong>resist.</strong></span> <span class='ocrx_word' id='word_1_20' title='bbox 1472 374 1594 412; x_wconf 69' lang='lat' dir='ltr'><strong>inter-</strong></span> 
     </span>
     <span class='ocr_line' id='line_1_4' title="bbox 141 435 1314 480; baseline 0.001 -2"><span class='ocrx_word' id='word_1_21' title='bbox 141 439 244 480; x_wconf 71' lang='lat' dir='ltr'><strong>dum.</strong></span> <span class='ocrx_word' id='word_1_22' title='bbox 303 437 490 478; x_wconf 79' lang='lat' dir='ltr'><strong>Inserunt</strong></span> <span class='ocrx_word' id='word_1_23' title='bbox 534 449 568 476; x_wconf 84' lang='lat' dir='ltr'><strong>ct</strong></span> <span class='ocrx_word' id='word_1_24' title='bbox 596 437 702 477; x_wconf 89' lang='lat' dir='ltr'><strong>Flor.</strong></span> <span class='ocrx_word' id='word_1_25' title='bbox 732 435 859 477; x_wconf 87' lang='lat' dir='ltr'><strong>Amb.</strong></span> <span class='ocrx_word' id='word_1_26' title='bbox 891 443 930 478; x_wconf 87' lang='lat'><strong>1.</strong></span> <span class='ocrx_word' id='word_1_27' title='bbox 952 443 992 478; x_wconf 85' lang='lat'><strong>2.</strong></span> <span class='ocrx_word' id='word_1_28' title='bbox 1023 436 1118 478; x_wconf 86' lang='lat' dir='ltr'><strong>I&#39;ar.</strong></span> <span class='ocrx_word' id='word_1_29' title='bbox 1144 443 1182 479; x_wconf 90' lang='lat'><strong>1.</strong></span> <span class='ocrx_word' id='word_1_30' title='bbox 1208 445 1248 480; x_wconf 88' lang='lat'><strong>2.</strong></span> <span class='ocrx_word' id='word_1_31' title='bbox 1276 444 1314 479; x_wconf 87' lang='grc'><strong>3.</strong></span> 
     </span>
    </p>

    <p class='ocr_par' dir='ltr' id='par_1_3' title="bbox 94 504 1592 1228">
     <span class='ocr_line' id='line_1_5' title="bbox 254 504 1479 559; baseline -0.002 -11"><span class='ocrx_word' id='word_1_32' title='bbox 254 509 289 559; x_wconf 81' lang='lat'><strong>§.</strong></span> <span class='ocrx_word' id='word_1_33' title='bbox 325 512 391 548; x_wconf 82' lang='lat'><strong>15.</strong></span> <span class='ocrx_word' id='word_1_34' title='bbox 448 507 517 547; x_wconf 85' lang='grc' dir='ltr'><strong>Λη</strong></span> <span class='ocrx_word' id='word_1_35' title='bbox 547 522 644 544; x_wconf 80' lang='lat' dir='ltr'><strong>rcus.</strong></span> <span class='ocrx_word' id='word_1_36' title='bbox 673 504 809 544; x_wconf 82' lang='lat' dir='ltr'><strong>Turio.</strong></span> <span class='ocrx_word' id='word_1_37' title='bbox 837 519 860 543; x_wconf 84' lang='lat' dir='ltr'>a</span> <span class='ocrx_word' id='word_1_38' title='bbox 879 520 958 545; x_wconf 82' lang='lat' dir='ltr'><strong>sec.</strong></span> <span class='ocrx_word' id='word_1_39' title='bbox 979 521 1035 546; x_wconf 86' lang='lat' dir='ltr'><strong>m.</strong></span> <span class='ocrx_word' id='word_1_40' title='bbox 1072 504 1211 559; x_wconf 84' lang='lat' dir='ltr'><strong>Camp.</strong></span> <span class='ocrx_word' id='word_1_41' title='bbox 1261 523 1352 546; x_wconf 82' lang='lat' dir='ltr'><strong>nam</strong></span> <span class='ocrx_word' id='word_1_42' title='bbox 1380 523 1479 546; x_wconf 74' lang='lat' dir='ltr'><strong>reus.</strong></span> 
     </span>
     <span class='ocr_line' id='line_1_6' title="bbox 138 572 1588 629; baseline 0.001 -15"><span class='ocrx_word' id='word_1_43' title='bbox 138 575 225 615; x_wconf 82' lang='lat' dir='ltr'><strong>Aut</strong></span> <span class='ocrx_word' id='word_1_44' title='bbox 257 577 292 614; x_wconf 85' lang='lat' dir='ltr'><strong>si</strong></span> <span class='ocrx_word' id='word_1_45' title='bbox 320 577 417 629; x_wconf 82' lang='lat' dir='ltr'><strong>quis.</strong></span> <span class='ocrx_word' id='word_1_46' title='bbox 476 572 538 612; x_wconf 83' lang='lat' dir='ltr'><strong>Ita</strong></span> <span class='ocrx_word' id='word_1_47' title='bbox 566 572 656 612; x_wconf 77' lang='lat' dir='ltr'><strong>Par.</strong></span> <span class='ocrx_word' id='word_1_48' title='bbox 682 577 719 612; x_wconf 85' lang='lat'><strong>1.</strong></span> <span class='ocrx_word' id='word_1_49' title='bbox 754 572 878 620; x_wconf 70' lang='lat' dir='ltr'>Sich„</span> <span class='ocrx_word' id='word_1_50' title='bbox 907 574 977 612; x_wconf 85' lang='lat' dir='ltr'><strong>sed</strong></span> <span class='ocrx_word' id='word_1_51' title='bbox 1008 572 1145 613; x_wconf 82' lang='lat' dir='ltr'><strong>Turio.</strong></span> <span class='ocrx_word' id='word_1_52' title='bbox 1176 583 1338 613; x_wconf 82' lang='lat' dir='ltr'>tantum</span> <span class='ocrx_word' id='word_1_53' title='bbox 1366 590 1388 614; x_wconf 86' lang='lat' dir='ltr'>a</span> <span class='ocrx_word' id='word_1_54' title='bbox 1408 591 1485 615; x_wconf 89' lang='lat' dir='ltr'><strong>sec.</strong></span> <span class='ocrx_word' id='word_1_55' title='bbox 1506 590 1588 627; x_wconf 87' lang='lat' dir='ltr'><strong>m.;</strong></span> 
     </span>
     <span class='ocr_line' id='line_1_7' title="bbox 137 640 1592 697; baseline 0 -15"><span class='ocrx_word' id='word_1_56' title='bbox 137 647 246 697; x_wconf 84' lang='lat' dir='ltr'>prius</span> <span class='ocrx_word' id='word_1_57' title='bbox 279 653 362 682; x_wconf 83' lang='lat' dir='ltr'><strong>erat</strong></span> <span class='ocrx_word' id='word_1_58' title='bbox 422 652 488 680; x_wconf 74' lang='lat' dir='ltr'><strong>aut</strong></span> <span class='ocrx_word' id='word_1_59' title='bbox 524 643 631 695; x_wconf 77' lang='lat' dir='ltr'><em>quiS,</em></span> <span class='ocrx_word' id='word_1_60' title='bbox 674 649 720 679; x_wconf 83' lang='lat' dir='ltr'><strong>ut</strong></span> <span class='ocrx_word' id='word_1_61' title='bbox 758 644 800 678; x_wconf 86' lang='lat' dir='ltr'><strong>in</strong></span> <span class='ocrx_word' id='word_1_62' title='bbox 831 640 938 681; x_wconf 82' lang='lat' dir='ltr'><strong>Flor.</strong></span> <span class='ocrx_word' id='word_1_63' title='bbox 973 640 1099 682; x_wconf 85' lang='lat' dir='ltr'><strong>Amb.</strong></span> <span class='ocrx_word' id='word_1_64' title='bbox 1137 648 1177 682; x_wconf 84' lang='lat'><strong>2.</strong></span> <span class='ocrx_word' id='word_1_65' title='bbox 1236 653 1303 681; x_wconf 81' lang='lat' dir='ltr'><strong>aut</strong></span> <span class='ocrx_word' id='word_1_66' title='bbox 1336 645 1404 696; x_wconf 79' lang='lat' dir='ltr'><strong>qui</strong></span> <span class='ocrx_word' id='word_1_67' title='bbox 1443 645 1592 682; x_wconf 81' lang='lat' dir='ltr'>retinet</span> 
     </span>
     <span class='ocr_line' id='line_1_8' title="bbox 135 707 1589 762; baseline 0 -12"><span class='ocrx_word' id='word_1_68' title='bbox 135 712 262 751; x_wconf 84' lang='lat' dir='ltr'><strong>Amb.</strong></span> <span class='ocrx_word' id='word_1_69' title='bbox 297 715 332 749; x_wconf 85' lang='lat'><strong>1.</strong></span> <span class='ocrx_word' id='word_1_70' title='bbox 448 707 644 762; x_wconf 70' lang='lat' dir='ltr'><strong>repe-lund.</strong></span> <span class='ocrx_word' id='word_1_71' title='bbox 681 710 851 747; x_wconf 80' lang='lat' dir='ltr'><strong>crimine.</strong></span> <span class='ocrx_word' id='word_1_72' title='bbox 914 708 980 748; x_wconf 83' lang='lat' dir='ltr'><strong>Sic</strong></span> <span class='ocrx_word' id='word_1_73' title='bbox 1012 708 1118 748; x_wconf 87' lang='lat' dir='ltr'><strong>Flor.</strong></span> <span class='ocrx_word' id='word_1_74' title='bbox 1160 708 1287 749; x_wconf 86' lang='lat' dir='ltr'><strong>Amb.</strong></span> <span class='ocrx_word' id='word_1_75' title='bbox 1312 715 1349 749; x_wconf 94' lang='grc'><strong>1.</strong></span> <span class='ocrx_word' id='word_1_76' title='bbox 1375 725 1397 748; x_wconf 86' lang='lat' dir='ltr'>a</span> <span class='ocrx_word' id='word_1_77' title='bbox 1416 726 1492 750; x_wconf 83' lang='lat' dir='ltr'><strong>sec.</strong></span> <span class='ocrx_word' id='word_1_78' title='bbox 1514 726 1589 762; x_wconf 87' lang='lat' dir='ltr'><strong>m.,</strong></span> 
     </span>
     <span class='ocr_line' id='line_1_9' title="bbox 134 773 1531 828; baseline -0.001 -8"><span class='ocrx_word' id='word_1_79' title='bbox 134 779 224 820; x_wconf 82' lang='lat' dir='ltr'><strong>Par.</strong></span> <span class='ocrx_word' id='word_1_80' title='bbox 260 785 294 819; x_wconf 93' lang='grc'><strong>1.</strong></span> <span class='ocrx_word' id='word_1_81' title='bbox 326 782 367 816; x_wconf 89' lang='lat' dir='ltr'><strong>in</strong></span> <span class='ocrx_word' id='word_1_82' title='bbox 400 791 524 828; x_wconf 74' lang='lat' dir='ltr'><strong>marg.</strong></span> <span class='ocrx_word' id='word_1_83' title='bbox 641 791 717 814; x_wconf 80' lang='lat' dir='ltr'><strong>non</strong></span> <span class='ocrx_word' id='word_1_84' title='bbox 748 787 795 816; x_wconf 78' lang='lat' dir='ltr'><strong>et.</strong></span> <span class='ocrx_word' id='word_1_85' title='bbox 853 773 915 815; x_wconf 82' lang='lat' dir='ltr'><strong>Ita</strong></span> <span class='ocrx_word' id='word_1_86' title='bbox 942 776 1049 816; x_wconf 82' lang='lat' dir='ltr'><strong>Flor.</strong></span> <span class='ocrx_word' id='word_1_87' title='bbox 1081 776 1207 816; x_wconf 81' lang='lat' dir='ltr'><strong>Amb.</strong></span> <span class='ocrx_word' id='word_1_88' title='bbox 1237 783 1276 818; x_wconf 86' lang='lat'><strong>2.</strong></span> <span class='ocrx_word' id='word_1_89' title='bbox 1308 778 1399 818; x_wconf 85' lang='lat' dir='ltr'><strong>Par.</strong></span> <span class='ocrx_word' id='word_1_90' title='bbox 1430 784 1466 818; x_wconf 90' lang='grc'><strong>1.</strong></span> <span class='ocrx_word' id='word_1_91' title='bbox 1493 784 1531 819; x_wconf 87' lang='grc'><strong>3.</strong></span> 
     </span>
     <span class='ocr_line' id='line_1_10' title="bbox 134 844 1588 897; baseline -0.001 -10"><span class='ocrx_word' id='word_1_92' title='bbox 134 864 257 887; x_wconf 78' lang='lat' dir='ltr'>nonne</span> <span class='ocrx_word' id='word_1_93' title='bbox 288 856 321 884; x_wconf 79' lang='lat' dir='ltr'><strong>et</strong></span> <span class='ocrx_word' id='word_1_94' title='bbox 360 844 450 884; x_wconf 86' lang='lat' dir='ltr'><strong>Par.</strong></span> <span class='ocrx_word' id='word_1_95' title='bbox 473 850 523 897; x_wconf 47' lang='grc' dir='ltr'><strong>ῃ2.</strong></span> <span class='ocrx_word' id='word_1_96' title='bbox 587 861 674 882; x_wconf 81' lang='lat' dir='ltr'><strong>num</strong></span> <span class='ocrx_word' id='word_1_97' title='bbox 706 847 856 897; x_wconf 85' lang='lat' dir='ltr'>primus</span> <span class='ocrx_word' id='word_1_98' title='bbox 901 845 1010 883; x_wconf 78' lang='lat' dir='ltr'>dedit</span> <span class='ocrx_word' id='word_1_99' title='bbox 1047 844 1184 896; x_wconf 60' lang='lat' dir='ltr'><strong>sich„</strong></span> <span class='ocrx_word' id='word_1_100' title='bbox 1224 846 1349 885; x_wconf 84' lang='lat' dir='ltr'>habet</span> <span class='ocrx_word' id='word_1_101' title='bbox 1383 845 1510 886; x_wconf 71' lang='lat' dir='ltr'><strong>Ajnb.</strong></span> <span class='ocrx_word' id='word_1_102' title='bbox 1549 852 1588 886; x_wconf 92' lang='grc'><strong>1.</strong></span> 
     </span>
     <span class='ocr_line' id='line_1_11' title="bbox 134 912 1586 969; baseline -0.001 -14"><span class='ocrx_word' id='word_1_103' title='bbox 134 920 167 955; x_wconf 78' lang='lat' dir='ltr'><strong>si</strong></span> <span class='ocrx_word' id='word_1_104' title='bbox 197 915 435 954; x_wconf 73' lang='lat' dir='ltr'><strong>conferentis</strong></span> <span class='ocrx_word' id='word_1_105' title='bbox 471 915 632 952; x_wconf 81' lang='lat' dir='ltr'>silentio</span> <span class='ocrx_word' id='word_1_106' title='bbox 664 913 784 952; x_wconf 86' lang='lat' dir='ltr'>fidem</span> <span class='ocrx_word' id='word_1_107' title='bbox 815 913 960 951; x_wconf 82' lang='lat' dir='ltr'>habere</span> <span class='ocrx_word' id='word_1_108' title='bbox 1000 915 1108 952; x_wconf 84' lang='lat' dir='ltr'>licet.</span> <span class='ocrx_word' id='word_1_109' title='bbox 1226 912 1274 951; x_wconf 76' lang='lat' dir='ltr'><strong>cle</strong></span> <span class='ocrx_word' id='word_1_110' title='bbox 1309 917 1438 953; x_wconf 79' lang='lat' dir='ltr'><em>causis</em></span> <span class='ocrx_word' id='word_1_111' title='bbox 1471 929 1586 969; x_wconf 84' lang='lat' dir='ltr'><strong>prov.</strong></span> 
     </span>
     <span class='ocr_line' id='line_1_12' title="bbox 94 970 1590 1035; baseline -0.001 -12"><span class='ocrx_word' id='word_1_112' title='bbox 94 970 100 981; x_wconf 51' lang='lat'><strong><em>¹</em></strong></span> <span class='ocrx_word' id='word_1_113' title='bbox 132 983 269 1023; x_wconf 53' lang='lat' dir='ltr'><strong>Essiam</strong></span> <span class='ocrx_word' id='word_1_114' title='bbox 298 979 426 1020; x_wconf 84' lang='lat' dir='ltr'><strong>Amb.</strong></span> <span class='ocrx_word' id='word_1_115' title='bbox 459 985 497 1020; x_wconf 85' lang='lat'><strong>1.</strong></span> <span class='ocrx_word' id='word_1_116' title='bbox 531 986 571 1020; x_wconf 88' lang='grc'><strong>2.</strong></span> <span class='ocrx_word' id='word_1_117' title='bbox 612 979 704 1019; x_wconf 82' lang='lat' dir='ltr'><strong>Par.</strong></span> <span class='ocrx_word' id='word_1_118' title='bbox 739 985 776 1020; x_wconf 84' lang='lat'><strong>1.</strong></span> <span class='ocrx_word' id='word_1_119' title='bbox 811 985 849 1020; x_wconf 89' lang='grc'><strong>3.</strong></span> <span class='ocrx_word' id='word_1_120' title='bbox 881 982 920 1020; x_wconf 83' lang='grc'><strong>4.</strong></span> <span class='ocrx_word' id='word_1_121' title='bbox 982 979 1021 1020; x_wconf 78' lang='lat' dir='ltr'><strong>d.</strong></span> <span class='ocrx_word' id='word_1_122' title='bbox 1055 997 1088 1020; x_wconf 77' lang='lat' dir='ltr'><strong>c,</strong></span> <span class='ocrx_word' id='word_1_123' title='bbox 1120 997 1190 1034; x_wconf 83' lang='lat' dir='ltr'><strong>per</strong></span> <span class='ocrx_word' id='word_1_124' title='bbox 1224 997 1338 1035; x_wconf 87' lang='lat' dir='ltr'><em>prov.</em></span> <span class='ocrx_word' id='word_1_125' title='bbox 1405 980 1590 1021; x_wconf 83' lang='lat' dir='ltr'>Priorem</span> 
     </span>
     <span class='ocr_line' id='line_1_13' title="bbox 133 1046 1585 1105; baseline 0 -15"><span class='ocrx_word' id='word_1_126' title='bbox 133 1052 472 1105; x_wconf 77' lang='lat' dir='ltr'>praepositionem</span> <span class='ocrx_word' id='word_1_127' title='bbox 504 1051 651 1087; x_wconf 81' lang='lat' dir='ltr'>retinet</span> <span class='ocrx_word' id='word_1_128' title='bbox 681 1050 803 1087; x_wconf 84' lang='lat' dir='ltr'>etiam</span> <span class='ocrx_word' id='word_1_129' title='bbox 834 1047 940 1088; x_wconf 90' lang='lat' dir='ltr'><strong>Flor.</strong></span> <span class='ocrx_word' id='word_1_130' title='bbox 977 1051 1067 1087; x_wconf 80' lang='lat' dir='ltr'><strong>fort.</strong></span> <span class='ocrx_word' id='word_1_131' title='bbox 1103 1046 1228 1088; x_wconf 89' lang='lat' dir='ltr'><strong>Amb.</strong></span> <span class='ocrx_word' id='word_1_132' title='bbox 1263 1053 1302 1088; x_wconf 85' lang='lat'><strong>1.</strong></span> <span class='ocrx_word' id='word_1_133' title='bbox 1417 1053 1585 1091; x_wconf 81' lang='lat' dir='ltr'><strong>univers.</strong></span> 
     </span>
     <span class='ocr_line' id='line_1_14' title="bbox 129 1115 1453 1158; baseline 0 0"><span class='ocrx_word' id='word_1_134' title='bbox 129 1119 193 1158; x_wconf 77' lang='lat' dir='ltr'><strong>vel</strong></span> <span class='ocrx_word' id='word_1_135' title='bbox 221 1135 350 1158; x_wconf 81' lang='lat' dir='ltr'><strong>accus.</strong></span> <span class='ocrx_word' id='word_1_136' title='bbox 393 1115 516 1156; x_wconf 88' lang='lat' dir='ltr'><strong>Amb.</strong></span> <span class='ocrx_word' id='word_1_137' title='bbox 547 1122 587 1157; x_wconf 87' lang='grc'><strong>2.</strong></span> <span class='ocrx_word' id='word_1_138' title='bbox 632 1119 781 1155; x_wconf 82' lang='lat' dir='ltr'>omittit</span> <span class='ocrx_word' id='word_1_139' title='bbox 816 1117 878 1156; x_wconf 82' lang='lat' dir='ltr'><strong>vel</strong></span> <span class='ocrx_word' id='word_1_140' title='bbox 905 1132 997 1155; x_wconf 88' lang='lat' dir='ltr'><strong>cum</strong></span> <span class='ocrx_word' id='word_1_141' title='bbox 1036 1115 1154 1155; x_wconf 81' lang='lat' dir='ltr'><strong>Voss.</strong></span> <span class='ocrx_word' id='word_1_142' title='bbox 1189 1121 1226 1155; x_wconf 89' lang='lat'><strong>1.</strong></span> <span class='ocrx_word' id='word_1_143' title='bbox 1258 1121 1297 1157; x_wconf 87' lang='lat'><strong>3.</strong></span> <span class='ocrx_word' id='word_1_144' title='bbox 1329 1116 1453 1158; x_wconf 83' lang='lat' dir='ltr'><strong>Bern.</strong></span> 
     </span>
     <span class='ocr_line' id='line_1_15' title="bbox 129 1183 1582 1228; baseline -0.001 -1"><span class='ocrx_word' id='word_1_145' title='bbox 129 1204 207 1228; x_wconf 82' lang='lat' dir='ltr'><strong>non</strong></span> <span class='ocrx_word' id='word_1_146' title='bbox 234 1185 440 1225; x_wconf 71' lang='lat' dir='ltr'><em>inutiliter.</em></span> <span class='ocrx_word' id='word_1_147' title='bbox 492 1184 560 1224; x_wconf 85' lang='lat' dir='ltr'><strong>Sic</strong></span> <span class='ocrx_word' id='word_1_148' title='bbox 590 1183 697 1224; x_wconf 87' lang='lat' dir='ltr'><strong>Flor.</strong></span> <span class='ocrx_word' id='word_1_149' title='bbox 731 1183 857 1224; x_wconf 81' lang='lat' dir='ltr'><strong>Aan.</strong></span> <span class='ocrx_word' id='word_1_150' title='bbox 883 1190 920 1224; x_wconf 87' lang='lat'><strong>1.</strong></span> <span class='ocrx_word' id='word_1_151' title='bbox 950 1183 1042 1224; x_wconf 82' lang='lat' dir='ltr'><strong>Par.</strong></span> <span class='ocrx_word' id='word_1_152' title='bbox 1063 1190 1102 1223; x_wconf 86' lang='lat'><strong>2.</strong></span> <span class='ocrx_word' id='word_1_153' title='bbox 1154 1200 1231 1223; x_wconf 82' lang='lat' dir='ltr'><strong>non</strong></span> <span class='ocrx_word' id='word_1_154' title='bbox 1259 1183 1345 1224; x_wconf 73' lang='lat' dir='ltr'><strong>aiil.</strong></span> <span class='ocrx_word' id='word_1_155' title='bbox 1378 1184 1468 1225; x_wconf 80' lang='lat' dir='ltr'><strong>Par.</strong></span> <span class='ocrx_word' id='word_1_156' title='bbox 1489 1189 1582 1226; x_wconf 84' lang='lat'><strong>1.3.</strong></span> 
     </span>
    </p>

    <p class='ocr_par' dir='ltr' id='par_1_4' title="bbox 244 1249 1553 1309">
     <span class='ocr_line' id='line_1_16' title="bbox 244 1249 1553 1309; baseline -0.002 -15"><span class='ocrx_word' id='word_1_157' title='bbox 244 1264 427 1309; x_wconf 59' lang='lat' dir='ltr'><strong>exponet.</strong></span> <span class='ocrx_word' id='word_1_158' title='bbox 489 1255 655 1306; x_wconf 63' lang='lat' dir='ltr'><strong><em>coeponit</em></strong></span> <span class='ocrx_word' id='word_1_159' title='bbox 682 1251 872 1293; x_wconf 38' lang='lat' dir='ltr'><strong>Ambf2.</strong></span> <span class='ocrx_word' id='word_1_160' title='bbox 909 1268 1001 1291; x_wconf 86' lang='lat' dir='ltr'><strong>cum</strong></span> <span class='ocrx_word' id='word_1_161' title='bbox 1031 1249 1164 1291; x_wconf 81' lang='lat' dir='ltr'><strong>Guelf.</strong></span> <span class='ocrx_word' id='word_1_162' title='bbox 1196 1251 1315 1292; x_wconf 84' lang='lat' dir='ltr'><strong>Voss.</strong></span> <span class='ocrx_word' id='word_1_163' title='bbox 1347 1257 1386 1292; x_wconf 83' lang='lat'><strong>3.</strong></span> <span class='ocrx_word' id='word_1_164' title='bbox 1419 1251 1553 1303; x_wconf 53' lang='lat' dir='ltr'><strong>Bern„</strong></span> 
     </span>
    </p>

    <p class='ocr_par' dir='ltr' id='par_1_5' title="bbox 245 1318 1181 1375">
     <span class='ocr_line' id='line_1_17' title="bbox 245 1318 1181 1375; baseline -0.003 -12"><span class='ocrx_word' id='word_1_165' title='bbox 245 1326 282 1375; x_wconf 55' lang='grc' dir='ltr'><strong>ᾗ.</strong></span> <span class='ocrx_word' id='word_1_166' title='bbox 315 1328 380 1363; x_wconf 80' lang='grc'><strong>16.</strong></span> <span class='ocrx_word' id='word_1_167' title='bbox 449 1321 559 1361; x_wconf 71' lang='lat' dir='ltr'><strong>dicit.</strong></span> <span class='ocrx_word' id='word_1_168' title='bbox 594 1318 717 1360; x_wconf 70' lang='lat' dir='ltr'>Goth,</span> <span class='ocrx_word' id='word_1_169' title='bbox 768 1320 882 1359; x_wconf 67' lang='lat' dir='ltr'><strong>dioez‘t</strong></span> <span class='ocrx_word' id='word_1_170' title='bbox 912 1335 1006 1359; x_wconf 83' lang='lat' dir='ltr'><strong>cum</strong></span> <span class='ocrx_word' id='word_1_171' title='bbox 1041 1319 1181 1373; x_wconf 86' lang='lat' dir='ltr'><strong>Camp.</strong></span> 
     </span>
    </p>

    <p class='ocr_par' dir='ltr' id='par_1_6' title="bbox 129 1387 1584 1502">
     <span class='ocr_line' id='line_1_18' title="bbox 242 1387 1584 1445; baseline -0.001 -14"><span class='ocrx_word' id='word_1_172' title='bbox 242 1397 277 1445; x_wconf 58' lang='grc' dir='ltr'><strong>ξ.</strong></span> <span class='ocrx_word' id='word_1_173' title='bbox 315 1396 381 1431; x_wconf 87' lang='grc'><strong>17.</strong></span> <span class='ocrx_word' id='word_1_174' title='bbox 450 1389 563 1429; x_wconf 77' lang='lat' dir='ltr'><strong>Illae.</strong></span> <span class='ocrx_word' id='word_1_175' title='bbox 626 1388 763 1428; x_wconf 80' lang='lat' dir='ltr'>Etiam</span> <span class='ocrx_word' id='word_1_176' title='bbox 803 1387 931 1427; x_wconf 85' lang='lat' dir='ltr'><strong>Amb.</strong></span> <span class='ocrx_word' id='word_1_177' title='bbox 964 1393 1004 1427; x_wconf 86' lang='lat'><strong>2.</strong></span> <span class='ocrx_word' id='word_1_178' title='bbox 1070 1388 1197 1427; x_wconf 80' lang='lat' dir='ltr'><strong>Duae.</strong></span> <span class='ocrx_word' id='word_1_179' title='bbox 1333 1390 1375 1427; x_wconf 82' lang='lat' dir='ltr'><strong>in</strong></span> <span class='ocrx_word' id='word_1_180' title='bbox 1417 1387 1464 1426; x_wconf 64' lang='lat'><strong>77</strong></span> <span class='ocrx_word' id='word_1_181' title='bbox 1462 1406 1584 1429; x_wconf 81' lang='lat' dir='ltr'><strong>errem</strong></span> 
     </span>
     <span class='ocr_line' id='line_1_19' title="bbox 129 1454 1580 1502; baseline -0.003 -1"><span class='ocrx_word' id='word_1_182' title='bbox 129 1463 176 1502; x_wconf 72' lang='lat' dir='ltr'><strong>de</strong></span> <span class='ocrx_word' id='word_1_183' title='bbox 202 1461 252 1501; x_wconf 84' lang='lat' dir='ltr'><strong>L.</strong></span> <span class='ocrx_word' id='word_1_184' title='bbox 286 1460 481 1498; x_wconf 77' lang='lat' dir='ltr'><strong>Domitio.</strong></span> <span class='ocrx_word' id='word_1_185' title='bbox 519 1456 655 1497; x_wconf 85' lang='lat' dir='ltr'><strong>Turio.</strong></span> <span class='ocrx_word' id='word_1_186' title='bbox 697 1455 805 1497; x_wconf 88' lang='lat' dir='ltr'><strong>Flor.</strong></span> <span class='ocrx_word' id='word_1_187' title='bbox 844 1455 972 1495; x_wconf 86' lang='lat' dir='ltr'><strong>Amb.</strong></span> <span class='ocrx_word' id='word_1_188' title='bbox 1007 1460 1043 1496; x_wconf 86' lang='lat'><strong>1.</strong></span> <span class='ocrx_word' id='word_1_189' title='bbox 1103 1459 1146 1494; x_wconf 81' lang='lat' dir='ltr'><strong>in</strong></span> <span class='ocrx_word' id='word_1_190' title='bbox 1178 1454 1344 1495; x_wconf 79' lang='lat' dir='ltr'><em>Verrem</em></span> <span class='ocrx_word' id='word_1_191' title='bbox 1373 1455 1439 1496; x_wconf 84' lang='lat' dir='ltr'><strong>vel</strong></span> <span class='ocrx_word' id='word_1_192' title='bbox 1460 1457 1580 1498; x_wconf 87' lang='lat' dir='ltr'><strong>Dom.</strong></span> 
     </span>
    </p>

    <p class='ocr_par' dir='ltr' id='par_1_7' title="bbox 126 1523 1580 1639">
     <span class='ocr_line' id='line_1_20' title="bbox 242 1523 1580 1578; baseline -0.001 -11"><span class='ocrx_word' id='word_1_193' title='bbox 242 1529 403 1567; x_wconf 78' lang='lat' dir='ltr'><strong>muneri.</strong></span> <span class='ocrx_word' id='word_1_194' title='bbox 462 1525 599 1566; x_wconf 81' lang='lat' dir='ltr'><strong>Turio.</strong></span> <span class='ocrx_word' id='word_1_195' title='bbox 633 1540 655 1564; x_wconf 88' lang='lat' dir='ltr'>a</span> <span class='ocrx_word' id='word_1_196' title='bbox 683 1541 743 1578; x_wconf 83' lang='lat' dir='ltr'><strong>pr.</strong></span> <span class='ocrx_word' id='word_1_197' title='bbox 775 1540 828 1564; x_wconf 89' lang='lat' dir='ltr'><strong>m.</strong></span> <span class='ocrx_word' id='word_1_198' title='bbox 862 1523 969 1564; x_wconf 89' lang='lat' dir='ltr'><strong>Flor.</strong></span> <span class='ocrx_word' id='word_1_199' title='bbox 1002 1526 1172 1574; x_wconf 78' lang='lat' dir='ltr'><strong>numeri,</strong></span> <span class='ocrx_word' id='word_1_200' title='bbox 1213 1523 1342 1565; x_wconf 83' lang='lat' dir='ltr'><strong>Amb.</strong></span> <span class='ocrx_word' id='word_1_201' title='bbox 1377 1529 1414 1565; x_wconf 90' lang='lat'><strong>1.</strong></span> <span class='ocrx_word' id='word_1_202' title='bbox 1448 1540 1471 1564; x_wconf 83' lang='lat' dir='ltr'>a</span> <span class='ocrx_word' id='word_1_203' title='bbox 1501 1541 1580 1566; x_wconf 85' lang='lat' dir='ltr'><strong>sec.</strong></span> 
     </span>
     <span class='ocr_line' id='line_1_21' title="bbox 126 1591 1578 1639; baseline -0.005 0"><span class='ocrx_word' id='word_1_204' title='bbox 126 1615 183 1639; x_wconf 87' lang='lat' dir='ltr'><strong>m.</strong></span> <span class='ocrx_word' id='word_1_205' title='bbox 216 1596 342 1637; x_wconf 76' lang='lat' dir='ltr'><strong>Goth.</strong></span> <span class='ocrx_word' id='word_1_206' title='bbox 372 1611 539 1633; x_wconf 78' lang='lat' dir='ltr'><strong>munere.</strong></span> <span class='ocrx_word' id='word_1_207' title='bbox 658 1609 738 1631; x_wconf 83' lang='lat' dir='ltr'><strong>csse</strong></span> <span class='ocrx_word' id='word_1_208' title='bbox 767 1609 792 1631; x_wconf 78' lang='lat' dir='ltr'><strong><em>a</em></strong></span> <span class='ocrx_word' id='word_1_209' title='bbox 823 1610 875 1632; x_wconf 83' lang='lat' dir='ltr'><strong>se.</strong></span> <span class='ocrx_word' id='word_1_210' title='bbox 935 1591 1043 1632; x_wconf 85' lang='lat' dir='ltr'><strong>Flor.</strong></span> <span class='ocrx_word' id='word_1_211' title='bbox 1070 1592 1147 1631; x_wconf 89' lang='lat' dir='ltr'><strong>hoc</strong></span> <span class='ocrx_word' id='word_1_212' title='bbox 1177 1593 1342 1632; x_wconf 83' lang='lat' dir='ltr'>ordine:</span> <span class='ocrx_word' id='word_1_213' title='bbox 1378 1609 1402 1631; x_wconf 86' lang='lat' dir='ltr'><strong><em>a</em></strong></span> <span class='ocrx_word' id='word_1_214' title='bbox 1422 1610 1462 1631; x_wconf 84' lang='lat' dir='ltr'><strong>se</strong></span> <span class='ocrx_word' id='word_1_215' title='bbox 1484 1610 1578 1635; x_wconf 83' lang='lat' dir='ltr'><strong>esse.</strong></span> 
     </span>
    </p>

    <p class='ocr_par' dir='ltr' id='par_1_8' title="bbox 120 1658 1582 2123">
     <span class='ocr_line' id='line_1_22' title="bbox 241 1658 1582 1718; baseline -0.001 -14"><span class='ocrx_word' id='word_1_216' title='bbox 241 1664 281 1718; x_wconf 62' lang='lat' dir='ltr'><strong>§J</strong></span> <span class='ocrx_word' id='word_1_217' title='bbox 305 1669 371 1703; x_wconf 85' lang='grc'><strong>18.</strong></span> <span class='ocrx_word' id='word_1_218' title='bbox 432 1660 678 1701; x_wconf 68' lang='lat' dir='ltr'><strong>discutiendi.</strong></span> <span class='ocrx_word' id='word_1_219' title='bbox 740 1659 808 1700; x_wconf 86' lang='lat' dir='ltr'><strong>Sic</strong></span> <span class='ocrx_word' id='word_1_220' title='bbox 841 1662 962 1699; x_wconf 74' lang='lat' dir='ltr'>etiam</span> <span class='ocrx_word' id='word_1_221' title='bbox 992 1658 1098 1699; x_wconf 82' lang='lat' dir='ltr'><strong>Flor.</strong></span> <span class='ocrx_word' id='word_1_222' title='bbox 1130 1661 1223 1699; x_wconf 81' lang='lat' dir='ltr'><strong>fort.</strong></span> <span class='ocrx_word' id='word_1_223' title='bbox 1251 1658 1376 1701; x_wconf 83' lang='lat' dir='ltr'><strong>Amb.</strong></span> <span class='ocrx_word' id='word_1_224' title='bbox 1401 1665 1438 1700; x_wconf 88' lang='lat'><strong>1.</strong></span> <span class='ocrx_word' id='word_1_225' title='bbox 1503 1679 1582 1702; x_wconf 72' lang='grc' dir='ltr'><strong>εοε-</strong></span> 
     </span>
     <span class='ocr_line' id='line_1_23' title="bbox 126 1726 1582 1787; baseline -0.005 -12"><span class='ocrx_word' id='word_1_226' title='bbox 126 1733 299 1777; x_wconf 73' lang='lat' dir='ltr'><strong>cutiendi</strong></span> <span class='ocrx_word' id='word_1_227' title='bbox 327 1731 418 1771; x_wconf 80' lang='lat' dir='ltr'><strong>Par.</strong></span> <span class='ocrx_word' id='word_1_228' title='bbox 452 1735 488 1770; x_wconf 85' lang='lat'><strong>1.</strong></span> <span class='ocrx_word' id='word_1_229' title='bbox 510 1735 548 1769; x_wconf 82' lang='lat'><strong>2.</strong></span> <span class='ocrx_word' id='word_1_230' title='bbox 577 1735 613 1768; x_wconf 86' lang='lat'><strong>3.</strong></span> <span class='ocrx_word' id='word_1_231' title='bbox 730 1738 771 1765; x_wconf 73' lang='lat' dir='ltr'><strong>ut</strong></span> <span class='ocrx_word' id='word_1_232' title='bbox 791 1744 865 1782; x_wconf 81' lang='lat' dir='ltr'><strong>pro</strong></span> <span class='ocrx_word' id='word_1_233' title='bbox 887 1726 991 1766; x_wconf 77' lang='lat' dir='ltr'><strong>Rab.</strong></span> <span class='ocrx_word' id='word_1_234' title='bbox 1053 1726 1160 1766; x_wconf 89' lang='lat' dir='ltr'><strong>Flor.</strong></span> <span class='ocrx_word' id='word_1_235' title='bbox 1185 1742 1283 1787; x_wconf 63' lang='lat' dir='ltr'><strong>apr.</strong></span> <span class='ocrx_word' id='word_1_236' title='bbox 1304 1743 1360 1766; x_wconf 89' lang='lat' dir='ltr'><strong>m.</strong></span> <span class='ocrx_word' id='word_1_237' title='bbox 1393 1739 1434 1766; x_wconf 81' lang='lat' dir='ltr'><strong>ut</strong></span> <span class='ocrx_word' id='word_1_238' title='bbox 1464 1745 1582 1783; x_wconf 78' lang='lat' dir='ltr'><strong><em>quam</em></strong></span> 
     </span>
     <span class='ocr_line' id='line_1_24' title="bbox 125 1792 1580 1850; baseline -0.005 -7"><span class='ocrx_word' id='word_1_239' title='bbox 125 1805 255 1844; x_wconf 67' lang='lat' dir='ltr'><strong>rabit).</strong></span> <span class='ocrx_word' id='word_1_240' title='bbox 316 1799 451 1840; x_wconf 85' lang='lat' dir='ltr'><strong>Guelf.</strong></span> <span class='ocrx_word' id='word_1_241' title='bbox 483 1808 523 1836; x_wconf 81' lang='lat' dir='ltr'><strong>ut</strong></span> <span class='ocrx_word' id='word_1_242' title='bbox 552 1795 657 1836; x_wconf 70' lang='lat' dir='ltr'><strong>Bal).</strong></span> <span class='ocrx_word' id='word_1_243' title='bbox 717 1795 842 1836; x_wconf 83' lang='lat' dir='ltr'><strong>Amb.</strong></span> <span class='ocrx_word' id='word_1_244' title='bbox 874 1801 913 1834; x_wconf 87' lang='lat'><strong>2.</strong></span> <span class='ocrx_word' id='word_1_245' title='bbox 943 1793 1007 1833; x_wconf 78' lang='lat' dir='ltr'><strong>vel</strong></span> <span class='ocrx_word' id='word_1_246' title='bbox 1032 1792 1139 1834; x_wconf 78' lang='lat' dir='ltr'><strong>Rab.</strong></span> <span class='ocrx_word' id='word_1_247' title='bbox 1199 1793 1317 1833; x_wconf 87' lang='lat' dir='ltr'><strong>Voss.</strong></span> <span class='ocrx_word' id='word_1_248' title='bbox 1354 1800 1392 1835; x_wconf 89' lang='lat'><strong>1.</strong></span> <span class='ocrx_word' id='word_1_249' title='bbox 1422 1796 1486 1835; x_wconf 82' lang='lat' dir='ltr'><strong>vel</strong></span> <span class='ocrx_word' id='word_1_250' title='bbox 1504 1814 1580 1850; x_wconf 82' lang='lat' dir='ltr'><strong>pro</strong></span> 
     </span>
     <span class='ocr_line' id='line_1_25' title="bbox 124 1861 1579 1916; baseline -0.007 -4"><span class='ocrx_word' id='word_1_251' title='bbox 124 1871 230 1912; x_wconf 77' lang='lat' dir='ltr'><strong>Bab.</strong></span> <span class='ocrx_word' id='word_1_252' title='bbox 340 1865 653 1907; x_wconf 66' lang='lat' dir='ltr'><strong>Alexandriam.</strong></span> <span class='ocrx_word' id='word_1_253' title='bbox 715 1862 838 1903; x_wconf 85' lang='lat' dir='ltr'><strong>Turio</strong></span> <span class='ocrx_word' id='word_1_254' title='bbox 862 1878 883 1902; x_wconf 86' lang='lat' dir='ltr'>a</span> <span class='ocrx_word' id='word_1_255' title='bbox 902 1879 961 1916; x_wconf 90' lang='lat' dir='ltr'><strong>pr.</strong></span> <span class='ocrx_word' id='word_1_256' title='bbox 985 1878 1039 1902; x_wconf 88' lang='lat' dir='ltr'><strong>m.</strong></span> <span class='ocrx_word' id='word_1_257' title='bbox 1063 1871 1101 1901; x_wconf 86' lang='lat' dir='ltr'><strong>et</strong></span> <span class='ocrx_word' id='word_1_258' title='bbox 1122 1861 1231 1901; x_wconf 78' lang='lat' dir='ltr'><strong>Flor.</strong></span> <span class='ocrx_word' id='word_1_259' title='bbox 1258 1861 1579 1905; x_wconf 69' lang='lat' dir='ltr'><strong>Alexandream.</strong></span> 
     </span>
     <span class='ocr_line' id='line_1_26' title="bbox 126 1929 1581 1995; baseline -0.005 -18"><span class='ocrx_word' id='word_1_260' title='bbox 126 1939 294 1995; x_wconf 73' lang='lat' dir='ltr'><strong>[Verris</strong></span> <span class='ocrx_word' id='word_1_261' title='bbox 314 1939 387 1974; x_wconf 79' lang='lat' dir='ltr'><strong>iter</strong></span> <span class='ocrx_word' id='word_1_262' title='bbox 414 1949 497 1973; x_wconf 87' lang='grc'><strong>11011</strong></span> <span class='ocrx_word' id='word_1_263' title='bbox 521 1936 600 1972; x_wconf 79' lang='lat' dir='ltr'>illis</span> <span class='ocrx_word' id='word_1_264' title='bbox 626 1935 737 1980; x_wconf 80' lang='lat' dir='ltr'><strong>locis,</strong></span> <span class='ocrx_word' id='word_1_265' title='bbox 762 1946 860 1986; x_wconf 91' lang='lat' dir='ltr'>quos</span> <span class='ocrx_word' id='word_1_266' title='bbox 885 1929 1094 1983; x_wconf 83' lang='lat' dir='ltr'><strong>Spalding.</strong></span> <span class='ocrx_word' id='word_1_267' title='bbox 1125 1931 1169 1967; x_wconf 87' lang='lat' dir='ltr'><strong>in</strong></span> <span class='ocrx_word' id='word_1_268' title='bbox 1192 1937 1289 1968; x_wconf 84' lang='lat' dir='ltr'><strong>nota</strong></span> <span class='ocrx_word' id='word_1_269' title='bbox 1310 1939 1465 1982; x_wconf 82' lang='lat' dir='ltr'>exeget.</span> <span class='ocrx_word' id='word_1_270' title='bbox 1486 1933 1581 1970; x_wconf 82' lang='lat' dir='ltr'><strong>lau-</strong></span> 
     </span>
     <span class='ocr_line' id='line_1_27' title="bbox 126 1996 1576 2056; baseline -0.008 -9"><span class='ocrx_word' id='word_1_271' title='bbox 126 2010 217 2056; x_wconf 76' lang='lat' dir='ltr'><strong>dat,</strong></span> <span class='ocrx_word' id='word_1_272' title='bbox 257 2005 327 2044; x_wconf 82' lang='lat' dir='ltr'><strong>sed</strong></span> <span class='ocrx_word' id='word_1_273' title='bbox 357 2005 447 2042; x_wconf 72' lang='lat' dir='ltr'><strong>libr.</strong></span> <span class='ocrx_word' id='word_1_274' title='bbox 479 2001 522 2041; x_wconf 92' lang='lat' dir='ltr'>V</span> <span class='ocrx_word' id='word_1_275' title='bbox 553 2017 586 2039; x_wconf 90' lang='lat' dir='ltr'><strong>c.</strong></span> <span class='ocrx_word' id='word_1_276' title='bbox 623 2006 673 2040; x_wconf 83' lang='lat'><strong>10</strong></span> <span class='ocrx_word' id='word_1_277' title='bbox 709 2008 748 2038; x_wconf 87' lang='lat' dir='ltr'><strong>et</strong></span> <span class='ocrx_word' id='word_1_278' title='bbox 777 2003 825 2038; x_wconf 84' lang='lat'><strong>11</strong></span> <span class='ocrx_word' id='word_1_279' title='bbox 862 1999 1053 2046; x_wconf 81' lang='lat' dir='ltr'><strong>describi,</strong></span> <span class='ocrx_word' id='word_1_280' title='bbox 1092 1999 1176 2050; x_wconf 84' lang='lat' dir='ltr'>ipse</span> <span class='ocrx_word' id='word_1_281' title='bbox 1200 2006 1338 2050; x_wconf 86' lang='lat' dir='ltr'>postea</span> <span class='ocrx_word' id='word_1_282' title='bbox 1366 1996 1576 2052; x_wconf 83' lang='lat' dir='ltr'>Spalding,</span> 
     </span>
     <span class='ocr_line' id='line_1_28' title="bbox 120 2071 311 2123; baseline -0.026 -7"><span class='ocrx_word' id='word_1_283' title='bbox 120 2071 311 2123; x_wconf 68' lang='lat' dir='ltr'>notavif]</span> 
     </span>
    </p>

    <p class='ocr_par' dir='ltr' id='par_1_9' title="bbox 123 2131 1576 2531">
     <span class='ocr_line' id='line_1_29' title="bbox 237 2131 1462 2194; baseline -0.006 -13"><span class='ocrx_word' id='word_1_284' title='bbox 237 2146 272 2194; x_wconf 66' lang='grc' dir='ltr'><strong>ξ.</strong></span> <span class='ocrx_word' id='word_1_285' title='bbox 308 2145 372 2180; x_wconf 71' lang='grc'><strong>19.</strong></span> <span class='ocrx_word' id='word_1_286' title='bbox 427 2136 530 2177; x_wconf 76' lang='lat' dir='ltr'><strong>&#39;solet</strong></span> <span class='ocrx_word' id='word_1_287' title='bbox 558 2135 619 2174; x_wconf 80' lang='lat' dir='ltr'><strong>vel</strong></span> <span class='ocrx_word' id='word_1_288' title='bbox 647 2134 712 2174; x_wconf 78' lang='lat' dir='ltr'><strong>acl.</strong></span> <span class='ocrx_word' id='word_1_289' title='bbox 779 2132 906 2174; x_wconf 87' lang='lat' dir='ltr'><strong>Amb.</strong></span> <span class='ocrx_word' id='word_1_290' title='bbox 927 2139 966 2174; x_wconf 85' lang='lat'><strong>2.</strong></span> <span class='ocrx_word' id='word_1_291' title='bbox 995 2131 1114 2172; x_wconf 85' lang='lat' dir='ltr'><strong>Voss.</strong></span> <span class='ocrx_word' id='word_1_292' title='bbox 1140 2137 1177 2172; x_wconf 89' lang='lat'><strong>1.</strong></span> <span class='ocrx_word' id='word_1_293' title='bbox 1202 2136 1241 2172; x_wconf 88' lang='grc'><strong>3.</strong></span> <span class='ocrx_word' id='word_1_294' title='bbox 1273 2132 1371 2172; x_wconf 82' lang='lat' dir='ltr'><em>solet</em></span> <span class='ocrx_word' id='word_1_295' title='bbox 1396 2132 1462 2174; x_wconf 80' lang='lat' dir='ltr'><strong>acl.</strong></span> 
     </span>
     <span class='ocr_line' id='line_1_30' title="bbox 125 2200 1576 2263; baseline -0.006 -14"><span class='ocrx_word' id='word_1_296' title='bbox 125 2214 233 2252; x_wconf 80' lang='lat' dir='ltr'><em>circa</em></span> <span class='ocrx_word' id='word_1_297' title='bbox 271 2207 408 2263; x_wconf 74' lang='lat' dir='ltr'><em>Chrys,</em></span> <span class='ocrx_word' id='word_1_298' title='bbox 469 2206 537 2246; x_wconf 80' lang='lat' dir='ltr'><strong>Sic</strong></span> <span class='ocrx_word' id='word_1_299' title='bbox 568 2208 691 2244; x_wconf 80' lang='lat' dir='ltr'>etiam</span> <span class='ocrx_word' id='word_1_300' title='bbox 718 2202 826 2242; x_wconf 80' lang='lat' dir='ltr'><strong>Flor.</strong></span> <span class='ocrx_word' id='word_1_301' title='bbox 862 2200 987 2240; x_wconf 84' lang='lat' dir='ltr'><strong>Amb.</strong></span> <span class='ocrx_word' id='word_1_302' title='bbox 1015 2206 1055 2240; x_wconf 83' lang='lat'><strong>2.</strong></span> <span class='ocrx_word' id='word_1_303' title='bbox 1089 2200 1180 2241; x_wconf 86' lang='lat' dir='ltr'><strong>Par.</strong></span> <span class='ocrx_word' id='word_1_304' title='bbox 1211 2206 1250 2240; x_wconf 84' lang='lat'><strong>2.</strong></span> <span class='ocrx_word' id='word_1_305' title='bbox 1278 2206 1315 2240; x_wconf 91' lang='grc'><strong>3.</strong></span> <span class='ocrx_word' id='word_1_306' title='bbox 1340 2206 1378 2241; x_wconf 88' lang='grc'><strong>5.</strong></span> <span class='ocrx_word' id='word_1_307' title='bbox 1438 2213 1576 2242; x_wconf 79' lang='lat' dir='ltr'><em>contra</em></span> 
     </span>
     <span class='ocr_line' id='line_1_31' title="bbox 129 2267 1574 2334; baseline -0.005 -18"><span class='ocrx_word' id='word_1_308' title='bbox 129 2280 265 2334; x_wconf 73' lang='lat' dir='ltr'><strong>Chrys.</strong></span> <span class='ocrx_word' id='word_1_309' title='bbox 300 2279 420 2315; x_wconf 80' lang='lat' dir='ltr'>etiam</span> <span class='ocrx_word' id='word_1_310' title='bbox 449 2274 541 2314; x_wconf 82' lang='lat' dir='ltr'><strong>Par.</strong></span> <span class='ocrx_word' id='word_1_311' title='bbox 576 2277 613 2313; x_wconf 88' lang='lat'><strong>1.</strong></span> <span class='ocrx_word' id='word_1_312' title='bbox 734 2268 993 2309; x_wconf 69' lang='lat' dir='ltr'><strong>resolvendos.</strong></span> <span class='ocrx_word' id='word_1_313' title='bbox 1053 2267 1121 2308; x_wconf 81' lang='lat' dir='ltr'><strong>Sic</strong></span> <span class='ocrx_word' id='word_1_314' title='bbox 1147 2268 1260 2307; x_wconf 86' lang='lat' dir='ltr'>haud</span> <span class='ocrx_word' id='word_1_315' title='bbox 1301 2269 1420 2307; x_wconf 82' lang='lat' dir='ltr'>dubie</span> <span class='ocrx_word' id='word_1_316' title='bbox 1452 2272 1574 2309; x_wconf 77' lang='lat' dir='ltr'>etiffln</span> 
     </span>
     <span class='ocr_line' id='line_1_32' title="bbox 123 2335 1571 2396; baseline -0.01 -8"><span class='ocrx_word' id='word_1_317' title='bbox 123 2347 248 2396; x_wconf 79' lang='lat' dir='ltr'><strong>Flor.,</strong></span> <span class='ocrx_word' id='word_1_318' title='bbox 280 2343 483 2384; x_wconf 72' lang='lat' dir='ltr'><strong>solvendos</strong></span> <span class='ocrx_word' id='word_1_319' title='bbox 513 2345 635 2381; x_wconf 81' lang='lat' dir='ltr'>etiam</span> <span class='ocrx_word' id='word_1_320' title='bbox 664 2338 791 2379; x_wconf 79' lang='lat' dir='ltr'><strong>Aan.</strong></span> <span class='ocrx_word' id='word_1_321' title='bbox 815 2343 854 2378; x_wconf 84' lang='lat'><strong>2.</strong></span> <span class='ocrx_word' id='word_1_322' title='bbox 883 2336 973 2376; x_wconf 83' lang='lat' dir='ltr'><strong>Par.</strong></span> <span class='ocrx_word' id='word_1_323' title='bbox 997 2342 1033 2376; x_wconf 85' lang='lat'><strong>1.</strong></span> <span class='ocrx_word' id='word_1_324' title='bbox 1056 2341 1096 2375; x_wconf 93' lang='grc'><strong>2.</strong></span> <span class='ocrx_word' id='word_1_325' title='bbox 1121 2340 1159 2375; x_wconf 89' lang='grc'><strong>3.</strong></span> <span class='ocrx_word' id='word_1_326' title='bbox 1267 2338 1379 2375; x_wconf 81' lang='lat' dir='ltr'><em>circa</em></span> <span class='ocrx_word' id='word_1_327' title='bbox 1395 2335 1571 2392; x_wconf 76' lang='lat' dir='ltr'><strong>fratres,</strong></span> 
     </span>
     <span class='ocr_line' id='line_1_33' title="bbox 123 2403 1574 2459; baseline -0.011 -4"><span class='ocrx_word' id='word_1_328' title='bbox 123 2415 237 2455; x_wconf 85' lang='lat' dir='ltr'>Idem</span> <span class='ocrx_word' id='word_1_329' title='bbox 268 2414 463 2452; x_wconf 77' lang='lat' dir='ltr'>exhibent</span> <span class='ocrx_word' id='word_1_330' title='bbox 491 2409 599 2450; x_wconf 85' lang='lat' dir='ltr'><strong>Flor.</strong></span> <span class='ocrx_word' id='word_1_331' title='bbox 640 2406 766 2447; x_wconf 86' lang='lat' dir='ltr'><strong>Amb.</strong></span> <span class='ocrx_word' id='word_1_332' title='bbox 797 2412 837 2446; x_wconf 87' lang='lat'><strong>2.</strong></span> <span class='ocrx_word' id='word_1_333' title='bbox 878 2404 969 2444; x_wconf 78' lang='lat' dir='ltr'><strong>Par.</strong></span> <span class='ocrx_word' id='word_1_334' title='bbox 1003 2409 1043 2443; x_wconf 88' lang='lat'><strong>2.</strong></span> <span class='ocrx_word' id='word_1_335' title='bbox 1076 2408 1115 2443; x_wconf 82' lang='lat'><strong>3.</strong></span> <span class='ocrx_word' id='word_1_336' title='bbox 1148 2406 1212 2453; x_wconf 89' lang='lat'><strong>5.,</strong></span> <span class='ocrx_word' id='word_1_337' title='bbox 1257 2413 1392 2442; x_wconf 79' lang='lat' dir='ltr'><em>contra</em></span> <span class='ocrx_word' id='word_1_338' title='bbox 1412 2403 1574 2459; x_wconf 63' lang='lat' dir='ltr'><strong>fiam-es</strong></span> 
     </span>
     <span class='ocr_line' id='line_1_34' title="bbox 125 2470 1456 2531; baseline -0.002 -16"><span class='ocrx_word' id='word_1_339' title='bbox 125 2487 245 2522; x_wconf 67' lang='lat' dir='ltr'>etiam</span> <span class='ocrx_word' id='word_1_340' title='bbox 276 2482 366 2522; x_wconf 73' lang='lat' dir='ltr'><strong>Par,</strong></span> <span class='ocrx_word' id='word_1_341' title='bbox 390 2486 427 2520; x_wconf 85' lang='grc'><strong>1.</strong></span> <span class='ocrx_word' id='word_1_342' title='bbox 535 2477 734 2531; x_wconf 81' lang='lat' dir='ltr'><strong>Cepasios.</strong></span> <span class='ocrx_word' id='word_1_343' title='bbox 787 2472 923 2513; x_wconf 78' lang='lat' dir='ltr'><strong>Turio.</strong></span> <span class='ocrx_word' id='word_1_344' title='bbox 955 2470 1080 2511; x_wconf 87' lang='lat' dir='ltr'><strong>Amb.</strong></span> <span class='ocrx_word' id='word_1_345' title='bbox 1104 2475 1141 2511; x_wconf 88' lang='lat'><strong>1.</strong></span> <span class='ocrx_word' id='word_1_346' title='bbox 1161 2477 1200 2512; x_wconf 89' lang='grc'><strong>2.</strong></span> <span class='ocrx_word' id='word_1_347' title='bbox 1234 2470 1456 2524; x_wconf 75' lang='lat' dir='ltr'><strong>Caepasios,</strong></span> 
     </span>
    </p>

    <p class='ocr_par' dir='ltr' id='par_1_10' title="bbox 124 2538 1541 2594">
     <span class='ocr_line' id='line_1_35' title="bbox 124 2538 1541 2594; baseline -0.007 -4"><span class='ocrx_word' id='word_1_348' title='bbox 124 2550 173 2590; x_wconf 84' lang='grc' dir='ltr'><strong>Ιη</strong></span> <span class='ocrx_word' id='word_1_349' title='bbox 200 2551 272 2589; x_wconf 76' lang='lat' dir='ltr'><strong>his.</strong></span> <span class='ocrx_word' id='word_1_350' title='bbox 336 2547 457 2589; x_wconf 83' lang='lat' dir='ltr'><strong>Goth.</strong></span> <span class='ocrx_word' id='word_1_351' title='bbox 490 2549 531 2586; x_wconf 81' lang='lat' dir='ltr'><strong>in</strong></span> <span class='ocrx_word' id='word_1_352' title='bbox 559 2541 609 2584; x_wconf 74' lang='lat' dir='ltr'><strong>iis</strong></span> <span class='ocrx_word' id='word_1_353' title='bbox 723 2541 822 2581; x_wconf 74' lang='lat' dir='ltr'><em>illud</em></span> <span class='ocrx_word' id='word_1_354' title='bbox 849 2544 986 2594; x_wconf 79' lang='lat' dir='ltr'><strong>ipsum.</strong></span> <span class='ocrx_word' id='word_1_355' title='bbox 1042 2539 1167 2580; x_wconf 85' lang='lat' dir='ltr'><strong>Amb.</strong></span> <span class='ocrx_word' id='word_1_356' title='bbox 1193 2544 1230 2579; x_wconf 87' lang='grc'><strong>1.</strong></span> <span class='ocrx_word' id='word_1_357' title='bbox 1262 2538 1371 2578; x_wconf 81' lang='lat' dir='ltr'><em>illum</em></span> <span class='ocrx_word' id='word_1_358' title='bbox 1404 2543 1541 2593; x_wconf 82' lang='lat' dir='ltr'><em>ipsum.</em></span> 
     </span>
    </p>

    <p class='ocr_par' dir='ltr' id='par_1_11' title="bbox 239 2607 1569 2669">
     <span class='ocr_line' id='line_1_36' title="bbox 239 2607 1569 2669; baseline -0.006 -13"><span class='ocrx_word' id='word_1_359' title='bbox 239 2622 274 2669; x_wconf 62' lang='grc' dir='ltr'><strong>ξ.</strong></span> <span class='ocrx_word' id='word_1_360' title='bbox 305 2623 370 2656; x_wconf 85' lang='grc'><strong>20.</strong></span> <span class='ocrx_word' id='word_1_361' title='bbox 439 2615 524 2654; x_wconf 85' lang='lat' dir='ltr'><strong>Nec</strong></span> <span class='ocrx_word' id='word_1_362' title='bbox 558 2614 630 2653; x_wconf 73' lang='lat' dir='ltr'><strong>hoc</strong></span> <span class='ocrx_word' id='word_1_363' title='bbox 660 2610 812 2666; x_wconf 71' lang='lat' dir='ltr'><strong>quidem</strong></span> <span class='ocrx_word' id='word_1_364' title='bbox 858 2607 997 2661; x_wconf 82' lang='lat' dir='ltr'><strong>Camp.</strong></span> <span class='ocrx_word' id='word_1_365' title='bbox 1038 2617 1078 2647; x_wconf 82' lang='lat' dir='ltr'><strong>et</strong></span> <span class='ocrx_word' id='word_1_366' title='bbox 1113 2615 1274 2660; x_wconf 84' lang='lat' dir='ltr'><strong>posterr.</strong></span> <span class='ocrx_word' id='word_1_367' title='bbox 1317 2617 1408 2648; x_wconf 82' lang='lat' dir='ltr'>ante</span> <span class='ocrx_word' id='word_1_368' title='bbox 1439 2608 1569 2662; x_wconf 85' lang='lat' dir='ltr'><strong>Bad.‚</strong></span> 
     </span>
    </p>
   </div>
   <div class='ocr_carea' id='block_1_3' title="bbox 124 2674 1570 2729">
    <p class='ocr_par' dir='ltr' id='par_1_12' title="bbox 124 2674 1570 2729">
     <span class='ocr_line' id='line_1_37' title="bbox 124 2674 1570 2729; baseline -0.007 -3"><span class='ocrx_word' id='word_1_369' title='bbox 124 2686 286 2726; x_wconf 68' lang='lat' dir='ltr'><strong>reduxit</strong></span> <span class='ocrx_word' id='word_1_370' title='bbox 305 2682 406 2725; x_wconf 82' lang='lat' dir='ltr'><strong>Obr.</strong></span> <span class='ocrx_word' id='word_1_371' title='bbox 430 2684 686 2723; x_wconf 72' lang='lat' dir='ltr'>diSsentiente</span> <span class='ocrx_word' id='word_1_372' title='bbox 708 2678 830 2719; x_wconf 83' lang='lat' dir='ltr'><strong>Amb.</strong></span> <span class='ocrx_word' id='word_1_373' title='bbox 847 2683 883 2717; x_wconf 92' lang='lat'><strong>1.</strong></span> <span class='ocrx_word' id='word_1_374' title='bbox 972 2691 1251 2729; x_wconf 81' lang='lat' dir='ltr'><strong>supervacuam</strong></span> <span class='ocrx_word' id='word_1_375' title='bbox 1272 2691 1363 2716; x_wconf 81' lang='lat' dir='ltr'><strong>esse.</strong></span> <span class='ocrx_word' id='word_1_376' title='bbox 1392 2674 1514 2717; x_wconf 87' lang='lat' dir='ltr'><strong>Amb.</strong></span> <span class='ocrx_word' id='word_1_377' title='bbox 1531 2681 1570 2716; x_wconf 89' lang='lat'><strong>1.</strong></span> 
     </span>
    </p>
   </div>
  </div>
 </body>
</html>
