1721 2974
173 143 254 179 218
618 132 892 189 Supplcmenia,
920 134 1187 172 annotationis

173 249 294 290 Amb.
324 254 363 290 2.
409 259 556 290 contus,
676 246 792 300 firmi
833 247 898 289 sit.
964 243 1032 285 Sic
1070 244 1179 286 Flor.
1217 243 1365 299 (modo
1401 247 1506 300 quod
1544 263 1614 300 pro

171 316 266 373 quid
294 316 418 368 dans)
451 315 545 360 Par,
578 321 613 355 1.
640 320 681 354 2.
740 311 948 356 omittunt
988 314 1039 352 sit
1093 311 1219 352 Amb.
1249 319 1287 354 2.
1325 312 1438 353 Sich.
1503 314 1617 367 Quod

161 384 326 442 factum
353 400 385 423 ε.
427 381 554 424 Amb.
586 387 622 421 1.

287 456 322 504 ξ.
367 456 460 491 129.
529 446 772 499 ονηαηιῖιινης
809 449 846 486 εἰ
879 446 1025 492 aliena.
1097 446 1233 487 Turio.
1273 447 1380 489 Flor.
1410 462 1433 488 a
1471 462 1531 502 pr.
1566 463 1620 491 m,

173 518 435 572 ordinandam
465 519 501 555 si
533 514 716 554 alienam.

171 636 178 643 -
288 587 325 637 §.
369 590 464 625 130.
522 581 603 620 Secl
630 582 715 621 hae.
772 579 909 622 Turio.
948 581 1057 623 Flor.
1097 581 1224 622 Amb.
1260 587 1297 624 1.
1329 590 1370 625 2.
1409 583 1478 622 secl
1508 584 1619 624 haec.

174 656 180 664 ’
231 652 371 706 Camp.
404 649 483 689 Sed
520 649 600 689 Ῐιεε.
710 647 900 689 Habitus.
954 648 1120 690 Omittit
1154 653 1278 690 etiam
1312 649 1440 691 Amb.
1471 656 1508 691 1.

174 721 350 776 hujusce,
382 717 553 757 Iudices.
610 716 752 757 Turio.
779 715 890 770 hujus
920 720 984 756 cui
1012 717 1132 758 dicis.
1176 718 1285 758 Flor.
1310 718 1470 772 judicis.
1522 717 1620 759 Ald.

176 790 294 840 adjic.
324 788 463 841 inquit.
585 783 805 824 Larinatis.
865 783 1002 825 Turic.
1036 784 1146 826 Flor.
1176 800 1199 824 a
1228 802 1287 840 pr.
1316 802 1371 827 m.
1400 786 1621 826 Lariantis.

175 856 302 897 Amb.
323 861 362 897 2.
393 853 516 893 Bern.
557 851 760 891 Larinati.
871 852 940 890 secl
972 869 1053 906 reg.
1110 853 1218 893 Flor.
1248 852 1374 894 Amb.
1399 860 1437 895 2.
1464 854 1556 895 Par.
1584 859 1622 894 1.

176 931 220 966 2.
242 929 284 963 3.
313 921 434 962 Voss.
448 926 486 961 2.
505 924 544 959 3.
575 919 654 958 hoo
682 922 805 958 etiam
835 920 945 959 daut.
1047 930 1088 959 ut
1112 921 1160 971 Q.
1183 921 1278 974 Lig.
1327 920 1464 963 Guelf.
1493 921 1621 961 Amb.

177 998 218 1034 2.
246 990 418 1030 Voss.3.
444 998 486 1027 ut
509 987 584 1039 0.,
617 985 743 1027 Goth.
775 987 826 1038 Q.
845 990 1052 1028 omittunt.
1082 987 1220 1029 Turio.
1244 1004 1267 1027 a
1283 1004 1343 1042 pr.
1355 1005 1413 1028 m.
1441 988 1550 1030 Flor.
1582 999 1624 1028 ut

177 1074 278 1114 quae
298 1057 391 1110 Lig.
449 1054 574 1095 Aan.
604 1060 641 1095 1.
668 1065 707 1092 ui
740 1054 789 1106 Q.
821 1059 924 1094 enim
947 1055 1041 1108 Lig.

290 1127 327 1176 ξ.
373 1128 469 1164 131.
538 1122 731 1162 Thurino.
794 1121 862 1162 Sio
896 1125 1018 1162 etiam
1059 1122 1150 1164 Par.
1187 1127 1225 1162 1.
1273 1121 1406 1164 Colin.
1447 1123 1625 1163 Tiburno

178 1194 248 1234 dat
273 1192 394 1232 Voss.
436 1196 477 1231 2.
521 1191 714 1243 Tigurino
765 1188 879 1229 Sich.
938 1189 1062 1242 [Vide
1098 1205 1207 1230 nunc
1235 1192 1279 1229 in
1307 1188 1369 1230 VI
1399 1194 1626 1231 orationum

174 1260 362 1302 Partibus
403 1260 452 1297 ab
481 1256 640 1311 Angelo
669 1256 779 1297 Maio
810 1260 973 1311 repertis
1003 1273 1047 1311 p.
1073 1257 1133 1299 Μ.
1166 1257 1305 1297 Tullio
1334 1274 1421 1312 cap.
1449 1258 1513 1312 7.]

108 1365 110 1367 ,
172 1327 464 1382 Ctesiphonte.
494 1323 617 1365 Amb.
643 1331 680 1365 1.
713 1328 936 1379 ctesiponte.
993 1325 1120 1366 Amb.
1140 1333 1181 1367 2.
1213 1325 1430 1380 ctesffonte.
1489 1324 1624 1366 Guelf.

177 1394 416 1450 thesiphone.
473 1391 926 1447 Camp.l⁷lzes1pkonie
1014 1394 1220 1433 Φωκικοῦ.
1268 1392 1337 1433 Sic
1359 1396 1481 1433 etiam
1499 1393 1624 1433 Amb.

181 1469 221 1504 1.
251 1462 359 1502 Flor.
388 1464 434 1500 in
461 1476 588 1513 marg.
626 1460 717 1500 Par.
751 1466 786 1501 1.
813 1467 854 1501 2.
891 1460 1016 1502 Amb.
1035 1467 1074 1501 2.
1115 1473 1314 1516 φυσικοω.
1372 1459 1504 1501 Colin.
1538 1476 1628 1516 φω-

179 1533 335 1572 καὶκου.
479 1526 718 1576 συστάντος.
785 1528 1142 1570 Amb.1.Flo1-.
1183 1531 1228 1567 in
1263 1543 1391 1582 marg.
1428 1541 1626 1576 σιςαντος.

178 1597 306 1639 Amb.
330 1602 370 1637 2.
401 1609 651 1643 συνιταντος.

295 1667 330 1717 §.
366 1670 459 1705 132.
518 1667 582 1704 iis.
643 1663 712 1704 Sic
740 1666 861 1703 etiam
891 1663 1019 1704 Amb
1047 1670 1090 1704 2
1144 1662 1212 1703 Ex
1244 1666 1403 1703 silentio
1432 1664 1629 1703 collatoris

180 1731 309 1774 Amb.
344 1737 381 1771 1.
419 1733 578 1771 videtur
614 1731 674 1770 his
721 1732 911 1770 exhibere
939 1741 985 1770 ut
1013 1734 1127 1771 solet.
1244 1733 1434 1770 contentio
1464 1740 1518 1768 est
1548 1732 1627 1783 qui.

181 1799 311 1840 Amb.
344 1804 382 1839 1.
413 1798 522 1838 Flor.
552 1801 674 1837 etiam
703 1801 892 1837 omittunt
928 1808 999 1838 est.
1112 1797 1355 1837 Dolabella..
1412 1797 1481 1837 Sic
1511 1800 1633 1836 etiam

183 1866 338 1907 Cet-vic.
457 1868 577 1904 restit.
610 1868 732 1905 restit.
761 1882 802 1903 se
822 1865 947 1904 dixit.
1004 1864 1073 1905 Sic
1100 1868 1222 1904 etiam
1257 1863 1388 1904 Colin.
1418 1862 1480 1903 At
1503 1862 1630 1903 Aan.

186 1940 204 1974 1
254 1940 294 1974 2.
325 1933 432 1972 Flor.
462 1933 555 1973 Par.
580 1939 617 1972 1.
642 1939 684 1973 2.
716 1935 839 1972 restit.
869 1932 1006 1971 deinde
1036 1950 1070 1972 r.
1101 1949 1135 1971 s.
1168 1932 1206 1972 cl.
1321 1931 1397 1970 hac
1426 1930 1473 1970 de
1501 1947 1631 1986 spons.

183 2000 323 2041 Turic.
356 2015 378 2039 a
407 2016 468 2053 pr.
499 2015 554 2039 m.
583 2001 680 2039 haec
705 2000 752 2038 (le
782 2016 815 2038 s.
871 1999 981 2040 Flor.
1005 2015 1028 2038 a
1047 2016 1107 2053 pr.
1125 2014 1180 2039 m.
1212 1999 1281 2038 hec
1309 1998 1356 2036 cle
1383 2014 1415 2038 s,
1524 1998 1634 2052 judi-

185 2067 367 2109 candum.
426 2066 562 2109 Turio.
597 2067 723 2120 Flor.,
754 2076 925 2122 uterque
954 2082 976 2106 a
1001 2083 1064 2120 pr.
1093 2082 1149 2108 m.
1178 2065 1444 2107 indicandum.

754 2222 792 2266 C
822 2237 850 2264 A
884 2240 923 2265 ι’.
983 2221 1071 2264 111.

297 2339 334 2390 ς.
368 2342 405 2377 1.
465 2338 731 2391 cea-posuimus,
791 2333 926 2375 Guelf.
963 2334 1090 2375 Amb.
1121 2340 1159 2375 2.
1198 2332 1321 2372 Voss.
1353 2338 1393 2373 1.
1424 2337 1463 2372 3.
1508 2331 1634 2372 Bern.

187 2408 370 2459 exposui.
465 2403 637 2458 prolato.
688 2402 825 2443 Turio.
855 2402 964 2443 Flor.
991 2401 1126 2443 Guelf.
1156 2400 1327 2440 Amb.2.
1354 2398 1476 2439 Bern.
1509 2398 1632 2439 Goth.

187 2471 307 2512 Voss.
329 2477 368 2512 2.
398 2470 566 2526 perlato.
618 2469 758 2522 Camp.
785 2469 954 2524 prelato.
1071 2470 1212 2509 laetum
1239 2484 1288 2507 ac
1313 2466 1444 2520 plaus.
1494 2465 1632 2507 Turio.

189 2537 298 2578 Flor.
338 2538 478 2577 laetum
507 2548 573 2576 au!
601 2537 732 2591 plaus.
791 2535 929 2577 Guelf.
969 2536 1093 2579 Goth:
1132 2536 1241 2577 Jens.
1281 2547 1374 2574 cum
1415 2535 1506 2574 edd.
1543 2543 1636 2573 ante

183 2602 366 2658 .Gryph.,
397 2616 484 2646 exc.
515 2599 615 2644 ΑΙᾶ.
649 2604 676 2644 l.
710 2615 825 2659 atque
847 2604 903 2658 pl.
