1721 2974
407 179 461 221 αιῖ
492 177 654 235 Quintil.
685 177 813 220 instit.
840 177 898 228 ῙῙ,
927 179 969 219 4.
1001 178 1039 230 §.
1059 181 1225 221 3-17,
1485 181 1542 228 ³77

94 306 239 335 natur-o
270 305 358 335 sunt
387 312 541 350 aspera.
601 292 693 335 Seu.
723 308 779 334 m.
811 308 910 334 corr.
944 295 1095 348 asperi,
1138 292 1249 349 quod
1278 301 1335 334 est
1359 294 1542 339 inBodl.

95 362 237 417 Camp.
268 362 400 404 Andr.
429 362 574 415 Alm.3
624 361 670 401 hi
707 365 818 402 enlm
845 371 885 403 et
912 363 988 416 ipsi
1016 364 1144 401 omitt.
1175 360 1346 401 remedia
1372 373 1413 405 et
1441 365 1546 406 alio..

94 434 173 485 qui.
230 430 338 472 Flor.
368 441 410 472 ut
439 447 536 486 quac
563 440 708 470 natura
731 448 764 472 s.
787 447 949 485 ηερε-νας
972 438 1102 470 cetera
1121 431 1199 468 alia
1217 445 1360 471 manus
1380 436 1546 488 supple-

94 502 165 539 vit.
282 499 393 539 molli
430 515 562 538 manu.
630 515 735 539 man.
776 498 883 538 moll.
925 496 1061 538 Guelf.
1118 496 1224 537 Edd.
1254 500 1349 538 inde
1379 515 1402 540 a
1431 501 1544 543 Jens.

94 582 221 622 usque
254 567 305 607 ad
335 565 466 608 Colin.
498 574 587 619 post
614 582 732 606 manu
759 568 942 606 inserunt
975 564 1050 605 chi
1075 567 1143 606 vel
1172 564 1260 607 leni.
1321 565 1446 609 Goth.
1470 562 1548 609 leni

93 639 129 673 ‘ct
156 651 208 675 m.
237 649 290 676 m.
348 634 475 676 Paris.
502 639 538 674 1.
570 632 647 673 levi
674 650 793 673 manu
822 649 871 674 ac
900 631 1024 674 molli.
1139 644 1243 675 totas
1272 635 1410 689 ipsum.
1469 637 1544 690 ips.

91 713 162 744 tot.
192 701 319 743 Amb.
343 708 380 744 1.
496 699 659 742 dictare.
719 701 902 741 dictitare
930 699 1070 755 Camp-

206 773 242 824 §.
277 776 344 811 13.
401 769 461 810 At
479 771 528 810 si.
580 768 686 808 Etsi
713 768 842 810 Amb.
866 775 905 810 1.
1022 779 1291 811 retractatam.
1339 767 1402 811 Ita
1423 774 1547 815 etiam

91 838 230 880 Turio.
271 837 379 881 Flor.
420 836 548 878 Amb.
578 843 618 878 2.
658 838 749 878 edd.
791 847 884 877 ante
924 835 1080 892 Gryph.
1119 851 1273 878 omnes.
1332 849 1548 881 tractatam

91 910 240 947 retinet
265 906 392 947 Aan.
419 910 457 946 1.
575 904 682 944 nullo
712 908 841 959 magis
865 905 1008 945 studia.
1068 922 1105 945 η.
1126 922 1179 946 m.
1199 905 1328 946 studio
1357 905 1482 948 Amb.
1508 915 1546 950 1.

91 974 198 1015 Flor.
229 990 253 1015 a
280 985 359 1015 sec.
383 980 444 1014 m.
479 971 616 1014 Guelf.
646 971 756 1013 Jens.
788 972 908 1014 Tarv.
941 971 1041 1014 Loc.
1079 972 1189 1014 Ven.
1216 972 1317 1014 Ald.

209 1043 242 1097 ξ.
275 1043 342 1083 14.
403 1041 487 1081 alia.
517 1052 640 1082 actas,
700 1039 775 1080 illa
812 1053 887 1081 aet.
927 1041 1031 1081 Flor.
1075 1057 1097 1081 a
1127 1057 1187 1095 pr.
1218 1058 1275 1084 m.
1392 1054 1428 1083 et
1455 1049 1552 1086 eaei-

91 1109 274 1164 gendum.
341 1121 376 1150 ct
425 1113 555 1150 omitt.
598 1109 688 1149 edd.
729 1125 831 1149 rece.
882 1119 974 1150 ante
1018 1106 1168 1161 Gesn.;
1222 1120 1281 1151 est
1322 1113 1367 1150 in
1409 1112 1551 1157 Turio,

93 1178 220 1219 Amb.
257 1183 294 1218 1.
328 1184 368 1219 2.
409 1181 510 1218 aliis.
627 1192 723 1232 opus
764 1187 800 1217 et
840 1180 987 1232 corrig.
1046 1188 1082 1216 et
1112 1194 1217 1220 corr.
1246 1194 1308 1234 op.
1349 1179 1476 1222 Amb.
1509 1186 1549 1224 1.

94 1245 235 1299 Camp.
260 1251 296 1286 1.
329 1243 455 1286 Goth.
488 1242 625 1286 Guelf.

209 1316 240 1368 ᾗ.
277 1319 342 1354 15.
403 1324 443 1352 ut
472 1330 514 1353 eo
547 1323 734 1353 revertar.
784 1328 854 1366 ego
881 1312 990 1354 Flor.
1021 1329 1044 1354 a
1063 1328 1123 1368 pr.
1146 1328 1202 1355 m.
1318 1332 1402 1355 sum
1421 1333 1554 1369 egres-

93 1399 173 1423 sus.
230 1379 294 1420 Ita
332 1380 424 1422 edd.
462 1381 558 1420 inde
596 1395 621 1420 a
659 1379 816 1434 Gryph.
884 1398 918 1421 s,
959 1381 1062 1434 (ligr.
1103 1381 1241 1423 Turio.
1280 1382 1389 1425 Flor.
1426 1383 1550 1426 Bodl.

91 1450 208 1492 Alm.
250 1446 376 1490 Goth.
416 1446 521 1503 (nisi
559 1450 670 1504 quod
702 1449 770 1488 hic
806 1453 1033 1502 transponit
1071 1448 1111 1490 d.
1142 1447 1206 1504 S.)
1246 1449 1387 1505 Camp.
1417 1451 1552 1494 Andr.

93 1521 197 1563 Obr.
230 1522 324 1561 fort.
354 1517 482 1558 Amb.
508 1522 547 1558 1.
607 1510 710 1570 ingr.
742 1533 827 1556 sum
856 1516 979 1558 Tarv.
1007 1516 1118 1558 Ven.
1150 1517 1250 1559 ΑΜ.
1311 1536 1392 1573 egr.
1424 1536 1457 1560 s,
1486 1537 1555 1560 re-

91 1592 210 1645 liqui.
323 1589 466 1642 primo.
523 1587 695 1640 primum
724 1583 865 1640 Camp.
977 1601 1103 1639 grem.
1131 1604 1266 1641 praec.
1325 1584 1388 1627 Ita
1413 1587 1552 1629 Turio.

92 1657 202 1698 Flor.
233 1654 359 1696 Amb.
385 1660 422 1695 1.
445 1660 484 1695 2.
516 1656 610 1704 alii3
651 1670 714 1707 pr.
730 1660 796 1707 g'r.
829 1655 919 1694 edd.
940 1670 1043 1694 recc.
1080 1665 1173 1695 ante
1205 1653 1327 1696 Gesn.
1446 1656 1557 1696 aliud

94 1728 224 1766 omitt.
257 1727 381 1764 etiam
412 1722 522 1762 Flor.
563 1720 690 1762 Amb.
713 1727 750 1762 1.
774 1727 813 1763 2.
852 1721 981 1763 PariS.
1007 1728 1044 1762 1.
1066 1728 1106 1764 2.
1129 1726 1168 1763 5.
1202 1722 1340 1777 Camp.
1371 1723 1482 1765 Jens.
1515 1734 1558 1765 et

90 1802 257 1847 posterr.
288 1800 381 1831 ante
409 1789 567 1845 Gryph.
657 1801 786 1829 rectae
815 1801 929 1845 atque
951 1790 1176 1830 emendatae
1199 1794 1404 1832 orationis.
1456 1803 1557 1832 recte

92 1859 275 1915 loquendi
309 1869 344 1898 et
387 1857 534 1898 emend.
578 1857 638 1899 όν.
679 1859 773 1899 edd.
814 1868 908 1899 ante
947 1857 1104 1913 Gryph.
1150 1875 1238 1901 exc.
1280 1859 1421 1914 Camp.
1452 1860 1553 1902 Ald.

94 1928 209 1969 Sich.
252 1927 374 1968 Voss.
406 1933 445 1968 2.
487 1924 612 1967 Goth.
675 1938 777 1966 recte
814 1927 994 1983 loquendi
1023 1938 1138 1982 atquc
1166 1928 1392 1968 emendatae
1429 1929 1554 1971 Paris.

98 2003 136 2037 1.
161 2002 201 2037 2.
263 1996 328 2048 [et
360 1998 438 2034 vix
477 1993 664 2047 surgendi
692 2011 828 2044 mora,
870 1999 898 2036 i.
920 2012 956 2036 e.
987 2004 1035 2035 ut
1062 1995 1134 2036 vix
1163 1999 1217 2036 eis
1239 2005 1402 2037 tautum
1421 2013 1558 2038 morae

94 2067 147 2105 sit
175 2065 242 2105 vel
272 2064 540 2113 concedatur,
591 2063 691 2101 dum
718 2073 884 2116 surgant
914 2073 953 2103 et
981 2079 1144 2102 narrare
1173 2065 1415 2118 incipiant]

209 2133 246 2184 §.
280 2135 348 2171 16.
404 2140 624 2185 parentum.
679 2134 901 2185 parentium
933 2130 1071 2172 Turio.
1101 2129 1229 2172 Aan.
1259 2138 1298 2173 1.
1327 2139 1369 2173 2.
1484 2135 1559 2174 im-

93 2202 324 2257 peritorum.
383 2201 564 2252 imperat.
594 2195 702 2237 Flor.
734 2211 758 2237 a
784 2213 844 2251 pr.
875 2214 931 2238 m.
963 2197 1102 2238 Turio.
1136 2200 1279 2239 eodem
1309 2215 1455 2241 errore.

212 2269 245 2322 ξ.
277 2271 342 2308 17.
390 2265 623 2322 facilitati5
671 2268 728 2305 ita
757 2268 882 2306 etiam
908 2264 1036 2306 Amb.
1071 2271 1108 2306 1.
1140 2281 1163 2306 a
1191 2282 1251 2321 pr.
1282 2282 1339 2308 m.
1367 2268 1494 2310 Paris.
1518 2272 1556 2311 5.

89 2335 310 2395 facilitatis
338 2334 447 2375 Flor.
478 2333 605 2374 Amb.
629 2338 666 2374 1.
697 2348 719 2373 a
748 2349 827 2374 sec.
854 2349 910 2373 m.
940 2332 1066 2375 Paris.
1093 2340 1132 2376 1.
1171 2334 1313 2391 Camp.
1360 2335 1560 2393 filicitati

96 2403 223 2446 Amb.
248 2409 288 2445 2.
335 2401 539 2460 facultati
565 2401 691 2443 Paris.
715 2406 755 2442 3.
872 2419 942 2443 nec
971 2420 998 2442 a
1027 2402 1115 2442 nob.
1176 2420 1294 2459 neque
1322 2420 1348 2444 a
1375 2421 1413 2445 n.
1445 2404 1556 2446 Jens.

97 2482 139 2513 et
166 2481 332 2526 posterr.
363 2480 457 2511 ante
487 2469 619 2511 Stoer.
737 2479 847 2510 actas
873 2470 961 2511 illa.
1022 2469 1095 2511 illa
1135 2482 1245 2512 aetas
1286 2471 1424 2514 Turic.
1449 2472 1556 2514 Flor.

97 2540 225 2581 Amb.
256 2544 293 2579 1.
336 2538 474 2580 Guelf.
508 2536 633 2579 Goth.
665 2535 806 2591 Camp.
839 2537 949 2580 Jens.
979 2547 1073 2580 cett.
1105 2549 1198 2581 ante
1229 2538 1386 2595 Gryph.
1504 2544 1561 2580 rei

99 2619 285 2647 naturam
314 2607 402 2648 sibi.
464 2608 522 2646 rei
559 2606 637 2645 sibi
666 2616 747 2645 nat.
780 2605 919 2646 Turio.
949 2605 1059 2648 Flor.
1091 2606 1226 2649 Guelf.
1258 2607 1382 2651 Goth.
1415 2608 1557 2664 Camp-

99 2675 210 2719 Jens.
241 2684 334 2718 cett.
366 2691 390 2717 a
421 2673 520 2730 Gr.;
561 2690 646 2716 acc.
677 2673 805 2729 Obr.;
845 2673 969 2718 Amb.
997 2680 1035 2718 1.
1066 2675 1144 2717 sihi
1172 2678 1228 2716 rei
1255 2687 1338 2719 nat.
