1695 2974
327 799 575 845 EPIST.
629 801 731 863 AD
780 799 1296 846 TRYPHONEM.

84 944 148 1016 In
173 978 290 1016 titulo
322 977 559 1033 bibliopolae
589 981 699 1018 abest
729 981 850 1018 etiam
871 995 893 1018 a
910 978 1016 1018 Flor.
1039 976 1164 1017 Amb.
1189 982 1226 1018 1.
1259 987 1299 1017 et
1321 978 1383 1018 ed.
1404 976 1538 1018 Vido-

83 1047 186 1085 vaei.
307 1046 515 1100 Tryphoni
555 1063 623 1086 suo
655 1046 818 1086 salutem
849 1045 967 1087 Goth.
997 1045 1123 1085 Amb.
1156 1051 1193 1085 1.
1309 1045 1374 1086 M.
1410 1044 1538 1085 Colias

83 1112 231 1152 Fabius
262 1112 383 1152 Tarv.
416 1112 525 1153 Ven.
616 1114 752 1155 Turio.
788 1118 890 1154 sicut
921 1116 1014 1154 edit.
1041 1112 1205 1153 Jenson.
1239 1122 1278 1152 et
1297 1114 1383 1152 cod.
1410 1111 1538 1152 Guel-

83 1182 228 1234 ferbyt.
271 1179 389 1235 (vide
419 1183 708 1233 praefationem
747 1186 867 1236 primi
896 1180 993 1222 Vol.
1025 1197 1065 1233 p.
1096 1179 1295 1234 LXXII)
1334 1183 1537 1219 inscribit:

87 1247 351 1299 Quintilianus
384 1247 568 1288 Victorio
611 1249 753 1302 (supra
790 1265 812 1289 a
849 1266 904 1302 m.
934 1257 1083 1288 recent.
1115 1247 1316 1300 Marco),
1363 1249 1454 1298 sed,
1495 1255 1540 1285 ut

84 1316 266 1366 videtur,
307 1317 355 1353 ab
386 1317 466 1353 alia·
493 1330 630 1356 manu.
695 1316 834 1369 Camp.
871 1319 1129 1369 inscriptione
1163 1325 1281 1354 caret.

198 1384 230 1436 ξ.
266 1386 303 1420 1.
363 1381 531 1421 nondum
561 1384 752 1437 opinabar
779 1387 875 1422 satis
907 1385 995 1422 edd.
1029 1398 1166 1423 omnes
1197 1392 1289 1422 ante
1321 1379 1441 1422 Gesn.
1503 1379 1538 1418 E

88 1452 204 1492 codd.
235 1453 372 1490 nullus
402 1459 588 1501 notatur,
631 1454 701 1504 qui
731 1443 1024 1491 Gesnerienum
1052 1453 1149 1490 satis
1178 1450 1370 1504 opinabar
1399 1449 1537 1487 desen-

85 1521 176 1571 dat,
213 1522 291 1558 nisi
318 1521 419 1558 forte
452 1516 574 1558 Goth.
607 1527 647 1558 et
677 1516 834 1570 Guelf.‚
875 1534 974 1573 quos
1003 1528 1109 1558 tacet
1132 1517 1273 1571 Spald.
1306 1520 1479 1556 collatIO.

84 1590 343 1627 matur-wisse
371 1585 476 1625 Edd·
506 1584 614 1626 Jens.
647 1585 746 1639 (tac.
791 1584 940 1640 Gesn.)
972 1585 1092 1626 Tar-v.
1126 1585 1226 1625 AJd.
1265 1583 1377 1624 Sich.
1401 1583 1535 1623 Andr.

71 1665 124 1696 ret
156 1654 282 1696 Codd.
313 1669 405 1694 mss.
436 1651 557 1693 Bodl.
587 1652 720 1695 Poull.
750 1653 906 1694 Almel.
946 1653 1055 1694 Flor.
1083 1652 1218 1693 Turio.
1244 1649 1378 1692 Guelf.
1406 1662 1537 1690 matu-2

84 1726 206 1762 ruisse
233 1725 412 1778 reliquae
442 1723 532 1763 edd.
549 1755 559 1774 ‚
590 1723 678 1762 cod.
702 1720 851 1774 Goth„
885 1731 924 1762 et
945 1721 1051 1761 Flor.
1081 1724 1125 1759 in
1152 1734 1278 1773 marg.
1395 1730 1436 1758 ut
1458 1721 1537 1757 scis

68 1778 174 1831 ¹edd.
215 1800 307 1830 ante
347 1788 468 1831 Gesn.
508 1805 671 1842 omnes,
724 1794 846 1830 etiam
877 1788 1000 1830 Goth.
1059 1788 1095 1828 E
1125 1791 1262 1827 ceteris
1294 1788 1409 1827 codd.
1443 1801 1537 1825 cum

81 1859 190 1898 nihil
216 1867 403 1899 notatum
430 1863 505 1911 sit,
545 1861 704 1900 videtur
739 1861 784 1897 in
811 1861 860 1898 iis
889 1861 1103 1898 inventum
1133 1871 1215 1894 esse
1246 1865 1308 1904 ut,
1349 1870 1434 1894 non
1463 1856 1534 1894 uti.

141 1926 316 1980 alioquin
350 1926 459 1968 Jens.
491 1934 597 1976 (tac.
631 1925 782 1977 Gesn.)
821 1925 945 1967 Tarv.
976 1925 1085 1966 Ven.
1118 1923 1254 1963 Turio.
1285 1922 1336 1974 (a
1365 1938 1419 1961 m.
1448 1920 1535 1975 pr.)

82 1994 191 2035 Flor.
222 1992 349 2033 Amb.
381 1999 419 2035 1.
437 2026 447 2046 ,
478 1997 550 2050 qui
576 1981 746 2049 ¹quidem
769 2009 925 2048 semper
944 1997 1001 2034 ita
1023 1997 1213 2034 scribunt.
1273 1990 1442 2029 aliorum
1463 2002 1534 2042 pro

84 2062 235 2115 alioqui
275 2059 416 2114 Camp.
455 2061 589 2103 Andr.
631 2061 750 2103 BodJ.
791 2060 926 2102 Guelf.
968 2061 1104 2103 Turio,
1147 2059 1198 2116 (a
1226 2075 1280 2099 m.
1310 2054 1422 2110 sec.)

82 2129 296 2169 distractus
328 2127 464 2169 Turio.
578 2133 734 2187 infiniti.
764 2128 905 2169 Burm.
937 2133 1039 2180 conj.
1070 2131 1257 2185 infinitae,
1303 2139 1389 2165 non
1419 2124 1535 2162 addi-

84 2199 266 2238 centibus
296 2198 412 2237 codd.
472 2195 598 2237 Amb.
630 2203 667 2237 1.
699 2197 842 2236 diserte
879 2196 1003 2236 habet
1042 2198 1207 2251 infiniti,
1239 2193 1375 2233 Turio.
1410 2191 1536 2230 institi

84 2269 210 2315 (corr.
243 2265 444 2318 institui),
485 2262 619 2305 Guelf.
651 2267 825 2313 institui,
865 2264 972 2304 Flor.
1004 2266 1141 2303 institi.

198 2334 231 2387 ᾧ.
263 2338 303 2373 2.
364 2332 478 2371 datus
506 2344 563 2371 est
588 2349 679 2372 usus
689 2348 704 2384 ,-
753 2331 888 2370 deinde
916 2330 1052 2371 Turio.
1084 2333 1192 2372 Flor.
1225 2328 1294 2383 (in
1317 2326 1423 2368 Flor.
1456 2327 1535 2364 alia

84 2416 140 2442 m.
184 2415 282 2439 corr.
320 2399 483 2455 datum)
526 2398 660 2441 Guelf.
719 2399 820 2438 Usus
857 2414 936 2440 om.
970 2397 1109 2451 Camp.
1140 2396 1273 2438 Andr.
1389 2393 1534 2433 dabam

83 2469 145 2509 his
173 2467 286 2509 Sich.
319 2469 443 2509 Goth.
473 2467 581 2508 Flor.
610 2468 748 2508 Turio.

200 2538 233 2590 ᾗ.
275 2541 314 2576 3.
382 2547 526 2591 quanto
577 2551 648 2590 pro
694 2551 812 2589 quam
857 2536 943 2575 cod.
982 2531 1270 2572 Almelovenii.
1395 2543 1533 2570 auram

84 2602 221 2645 Turio.
253 2603 360 2646 Flor.
391 2602 525 2645 Guelf.
556 2602 712 2656 Bodlej.
743 2602 866 2645 Paris.
899 2608 938 2644 1.
983 2598 1084 2640 Ald.
1113 2598 1223 2641 Sich.

973 2668 1015 2709 A
1044 2674 1071 2710 2
