<?xml version="1.0" encoding="UTF-8"?>
<!DOCTYPE html PUBLIC "-//W3C//DTD XHTML 1.0 Transitional//EN"
    "http://www.w3.org/TR/xhtml1/DTD/xhtml1-transitional.dtd">
<html xmlns="http://www.w3.org/1999/xhtml" xml:lang="en" lang="en">
 <head>
  <title>
</title>
<meta http-equiv="Content-Type" content="text/html;charset=utf-8" />
  <meta name='ocr-system' content='tesseract 3.04.00' />
  <meta name='ocr-capabilities' content='ocr_page ocr_carea ocr_par ocr_line ocrx_word'/>
</head>
<body>
  <div class='ocr_page' id='page_1' title='image "./deinstitutioneor05quinuoft_0324.png"; bbox 0 0 1721 2974; ppageno 0'>
   <div class='ocr_carea' id='block_1_1' title="bbox 135 152 1152 210">
    <p class='ocr_par' dir='ltr' id='par_1_1' title="bbox 135 152 1152 210">
     <span class='ocr_line' id='line_1_1' title="bbox 135 152 1152 210; baseline -0.01 -10"><span class='ocrx_word' id='word_1_1' title='bbox 135 164 217 201; x_wconf 73' lang='lat'><em>292</em></span> <span class='ocrx_word' id='word_1_2' title='bbox 589 153 859 210; x_wconf 73' lang='lat' dir='ltr'><em>supplementa</em></span> <span class='ocrx_word' id='word_1_3' title='bbox 888 152 1152 193; x_wconf 69' lang='lat' dir='ltr'><em>annotationis</em></span> 
     </span>
    </p>
   </div>
   <div class='ocr_carea' id='block_1_2' title="bbox 136 261 1576 323">
    <p class='ocr_par' dir='ltr' id='par_1_2' title="bbox 136 261 1576 323">
     <span class='ocr_line' id='line_1_2' title="bbox 136 261 1576 323; baseline -0.007 -11"><span class='ocrx_word' id='word_1_4' title='bbox 136 281 176 312; x_wconf 86' lang='lat' dir='ltr'><em>et</em></span> <span class='ocrx_word' id='word_1_5' title='bbox 196 269 287 312; x_wconf 72' lang='lat' dir='ltr'><strong>edd.</strong></span> <span class='ocrx_word' id='word_1_6' title='bbox 309 278 400 309; x_wconf 75' lang='lat' dir='ltr'>ante</span> <span class='ocrx_word' id='word_1_7' title='bbox 421 266 548 310; x_wconf 77' lang='lat' dir='ltr'><em>Stoet.</em></span> <span class='ocrx_word' id='word_1_8' title='bbox 569 284 626 307; x_wconf 78' lang='grc' dir='ltr'><em>ηε.</em></span> <span class='ocrx_word' id='word_1_9' title='bbox 637 265 682 323; x_wconf 83' lang='lat' dir='ltr'><em>f.</em></span> <span class='ocrx_word' id='word_1_10' title='bbox 775 263 1038 321; x_wconf 74' lang='lat' dir='ltr'><em>proferamus,</em></span> <span class='ocrx_word' id='word_1_11' title='bbox 1086 262 1225 305; x_wconf 84' lang='lat' dir='ltr'><em>Turio.</em></span> <span class='ocrx_word' id='word_1_12' title='bbox 1249 261 1513 320; x_wconf 67' lang='lat' dir='ltr'><em>pevfimmus,</em></span> <span class='ocrx_word' id='word_1_13' title='bbox 1553 277 1576 302; x_wconf 72' lang='lat' dir='ltr'>a</span> 
     </span>
    </p>
   </div>
   <div class='ocr_carea' id='block_1_3' title="bbox 134 333 1579 458">
    <p class='ocr_par' dir='ltr' id='par_1_3' title="bbox 134 333 1579 458">
     <span class='ocr_line' id='line_1_3' title="bbox 134 333 819 391; baseline -0.007 -12"><span class='ocrx_word' id='word_1_14' title='bbox 134 354 212 380; x_wconf 74' lang='lat' dir='ltr'><em>seo.</em></span> <span class='ocrx_word' id='word_1_15' title='bbox 231 352 286 378; x_wconf 87' lang='lat' dir='ltr'><em>m.</em></span> <span class='ocrx_word' id='word_1_16' title='bbox 317 352 411 379; x_wconf 84' lang='lat' dir='ltr'><em>cum</em></span> <span class='ocrx_word' id='word_1_17' title='bbox 430 335 570 388; x_wconf 80' lang='lat' dir='ltr'><strong>Camp.</strong></span> <span class='ocrx_word' id='word_1_18' title='bbox 592 333 819 391; x_wconf 58' lang='lat' dir='ltr'><em>rqfi-ramuS.</em></span> 
     </span>
     <span class='ocr_line' id='line_1_4' title="bbox 248 396 1579 458; baseline -0.006 -12"><span class='ocrx_word' id='word_1_19' title='bbox 248 409 284 458; x_wconf 89' lang='lat'><em>§.</em></span> <span class='ocrx_word' id='word_1_20' title='bbox 316 409 383 445; x_wconf 78' lang='lat'><em>26.</em></span> <span class='ocrx_word' id='word_1_21' title='bbox 440 403 487 441; x_wconf 74' lang='lat' dir='ltr'><em>de</em></span> <span class='ocrx_word' id='word_1_22' title='bbox 519 401 633 442; x_wconf 84' lang='lat' dir='ltr'><em>Corn.</em></span> <span class='ocrx_word' id='word_1_23' title='bbox 691 399 762 440; x_wconf 84' lang='lat' dir='ltr'><em>Sio</em></span> <span class='ocrx_word' id='word_1_24' title='bbox 799 402 924 439; x_wconf 84' lang='lat' dir='ltr'>etiam</span> <span class='ocrx_word' id='word_1_25' title='bbox 961 397 1087 439; x_wconf 84' lang='lat' dir='ltr'><strong>Amb.</strong></span> <span class='ocrx_word' id='word_1_26' title='bbox 1125 403 1163 438; x_wconf 91' lang='lat'><em>1.</em></span> <span class='ocrx_word' id='word_1_27' title='bbox 1194 404 1233 439; x_wconf 86' lang='lat'><em>2.</em></span> <span class='ocrx_word' id='word_1_28' title='bbox 1267 396 1376 438; x_wconf 82' lang='lat' dir='ltr'>Flor.</span> <span class='ocrx_word' id='word_1_29' title='bbox 1416 396 1508 437; x_wconf 86' lang='lat' dir='ltr'>Par.</span> <span class='ocrx_word' id='word_1_30' title='bbox 1536 402 1579 438; x_wconf 97' lang='grc'><em>2.</em></span> 
     </span>
    </p>
   </div>
   <div class='ocr_carea' id='block_1_4' title="bbox 137 464 1585 587">
    <p class='ocr_par' dir='ltr' id='par_1_4' title="bbox 137 464 1585 587">
     <span class='ocr_line' id='line_1_5' title="bbox 137 464 1579 522; baseline -0.007 -7"><span class='ocrx_word' id='word_1_31' title='bbox 137 473 303 516; x_wconf 81' lang='lat' dir='ltr'><strong>Omittit</strong></span> <span class='ocrx_word' id='word_1_32' title='bbox 328 471 375 510; x_wconf 76' lang='lat' dir='ltr'><em>cle</em></span> <span class='ocrx_word' id='word_1_33' title='bbox 400 469 512 510; x_wconf 85' lang='lat' dir='ltr'>Sich.</span> <span class='ocrx_word' id='word_1_34' title='bbox 544 482 717 522; x_wconf 83' lang='lat' dir='ltr'><em>quoque.</em></span> <span class='ocrx_word' id='word_1_35' title='bbox 831 477 867 506; x_wconf 86' lang='lat' dir='ltr'><em>et</em></span> <span class='ocrx_word' id='word_1_36' title='bbox 895 468 1086 521; x_wconf 68' lang='lat' dir='ltr'><em>protimw.</em></span> <span class='ocrx_word' id='word_1_37' title='bbox 1141 464 1266 506; x_wconf 87' lang='lat' dir='ltr'><strong>Amb.</strong></span> <span class='ocrx_word' id='word_1_38' title='bbox 1295 470 1329 504; x_wconf 93' lang='lat'><em>1.</em></span> <span class='ocrx_word' id='word_1_39' title='bbox 1358 480 1451 505; x_wconf 84' lang='lat' dir='ltr'><em>cum</em></span> <span class='ocrx_word' id='word_1_40' title='bbox 1470 464 1579 505; x_wconf 88' lang='lat' dir='ltr'>Flor.</span> 
     </span>
     <span class='ocr_line' id='line_1_6' title="bbox 137 531 1585 587; baseline -0.009 -5"><span class='ocrx_word' id='word_1_41' title='bbox 137 545 260 582; x_wconf 83' lang='lat' dir='ltr'><strong>etiam</strong></span> <span class='ocrx_word' id='word_1_42' title='bbox 277 541 467 579; x_wconf 71' lang='lat' dir='ltr'><em>omittunt</em></span> <span class='ocrx_word' id='word_1_43' title='bbox 485 545 521 573; x_wconf 83' lang='lat' dir='ltr'><em>ct</em></span> <span class='ocrx_word' id='word_1_44' title='bbox 534 564 545 586; x_wconf 93' lang='lat'>‚</span> <span class='ocrx_word' id='word_1_45' title='bbox 585 535 655 574; x_wconf 77' lang='lat' dir='ltr'><em>sed</em></span> <span class='ocrx_word' id='word_1_46' title='bbox 676 531 802 574; x_wconf 85' lang='lat' dir='ltr'><strong>Amb.</strong></span> <span class='ocrx_word' id='word_1_47' title='bbox 825 539 859 574; x_wconf 86' lang='lat'><em>1.</em></span> <span class='ocrx_word' id='word_1_48' title='bbox 884 534 952 573; x_wconf 82' lang='lat' dir='ltr'><em>dat</em></span> <span class='ocrx_word' id='word_1_49' title='bbox 971 535 1128 587; x_wconf 60' lang='lat' dir='ltr'><em>affliget,</em></span> <span class='ocrx_word' id='word_1_50' title='bbox 1169 542 1208 573; x_wconf 83' lang='lat' dir='ltr'><em>et</em></span> <span class='ocrx_word' id='word_1_51' title='bbox 1227 548 1249 573; x_wconf 89' lang='lat' dir='ltr'>a</span> <span class='ocrx_word' id='word_1_52' title='bbox 1266 548 1344 572; x_wconf 81' lang='lat' dir='ltr'><em>sec.</em></span> <span class='ocrx_word' id='word_1_53' title='bbox 1365 548 1421 574; x_wconf 76' lang='grc' dir='ltr'><em>1η.</em></span> <span class='ocrx_word' id='word_1_54' title='bbox 1442 545 1585 585; x_wconf 67' lang='lat' dir='ltr'><em>super-</em></span> 
     </span>
    </p>
   </div>
   <div class='ocr_carea' id='block_1_5' title="bbox 135 599 1589 926">
    <p class='ocr_par' dir='ltr' id='par_1_5' title="bbox 135 599 1584 791">
     <span class='ocr_line' id='line_1_7' title="bbox 135 599 1581 649; baseline -0.008 0"><span class='ocrx_word' id='word_1_55' title='bbox 135 611 316 649; x_wconf 81' lang='lat' dir='ltr'><strong>scribitur</strong></span> <span class='ocrx_word' id='word_1_56' title='bbox 334 608 449 645; x_wconf 81' lang='lat' dir='ltr'>litera</span> <span class='ocrx_word' id='word_1_57' title='bbox 476 604 505 642; x_wconf 72' lang='lat' dir='ltr'><em>i.</em></span> <span class='ocrx_word' id='word_1_58' title='bbox 607 601 745 642; x_wconf 78' lang='lat' dir='ltr'><em>luxur.</em></span> <span class='ocrx_word' id='word_1_59' title='bbox 772 601 850 641; x_wconf 78' lang='lat' dir='ltr'><em>dic.</em></span> <span class='ocrx_word' id='word_1_60' title='bbox 901 600 1027 642; x_wconf 81' lang='lat' dir='ltr'><em>Aan.</em></span> <span class='ocrx_word' id='word_1_61' title='bbox 1054 606 1093 641; x_wconf 90' lang='lat'><em>1.</em></span> <span class='ocrx_word' id='word_1_62' title='bbox 1110 605 1232 641; x_wconf 84' lang='lat' dir='ltr'><strong>inser.</strong></span> <span class='ocrx_word' id='word_1_63' title='bbox 1259 599 1371 640; x_wconf 76' lang='lat' dir='ltr'><em>dicit.</em></span> <span class='ocrx_word' id='word_1_64' title='bbox 1471 609 1515 638; x_wconf 80' lang='lat' dir='ltr'><em>ut</em></span> <span class='ocrx_word' id='word_1_65' title='bbox 1531 601 1581 638; x_wconf 82' lang='lat' dir='ltr'><em>si.</em></span> 
     </span>
     <span class='ocr_line' id='line_1_8' title="bbox 137 665 1584 723; baseline -0.006 -7"><span class='ocrx_word' id='word_1_66' title='bbox 137 674 278 716; x_wconf 74' lang='lat' dir='ltr'>TurIo.</span> <span class='ocrx_word' id='word_1_67' title='bbox 301 688 324 712; x_wconf 83' lang='lat' dir='ltr'><strong>a</strong></span> <span class='ocrx_word' id='word_1_68' title='bbox 342 687 418 711; x_wconf 82' lang='lat' dir='ltr'><em>sec.</em></span> <span class='ocrx_word' id='word_1_69' title='bbox 438 685 494 709; x_wconf 90' lang='lat' dir='ltr'><em>m.</em></span> <span class='ocrx_word' id='word_1_70' title='bbox 516 679 559 708; x_wconf 76' lang='lat' dir='ltr'><em>at</em></span> <span class='ocrx_word' id='word_1_71' title='bbox 576 671 626 709; x_wconf 77' lang='lat' dir='ltr'><em>si.</em></span> <span class='ocrx_word' id='word_1_72' title='bbox 728 666 798 708; x_wconf 84' lang='lat' dir='ltr'><em>Sic</em></span> <span class='ocrx_word' id='word_1_73' title='bbox 818 679 865 707; x_wconf 83' lang='lat' dir='ltr'><em>et.</em></span> <span class='ocrx_word' id='word_1_74' title='bbox 908 667 1018 708; x_wconf 87' lang='lat' dir='ltr'><em>Flor.</em></span> <span class='ocrx_word' id='word_1_75' title='bbox 1048 683 1071 710; x_wconf 80' lang='lat' dir='ltr'>a</span> <span class='ocrx_word' id='word_1_76' title='bbox 1095 685 1156 723; x_wconf 81' lang='lat' dir='ltr'><em>pr.</em></span> <span class='ocrx_word' id='word_1_77' title='bbox 1187 683 1244 708; x_wconf 86' lang='lat' dir='ltr'><em>m.</em></span> <span class='ocrx_word' id='word_1_78' title='bbox 1273 671 1324 707; x_wconf 77' lang='lat' dir='ltr'><em>sit</em></span> <span class='ocrx_word' id='word_1_79' title='bbox 1343 677 1392 707; x_wconf 77' lang='lat' dir='ltr'><em>et.</em></span> <span class='ocrx_word' id='word_1_80' title='bbox 1439 665 1584 720; x_wconf 74' lang='lat' dir='ltr'><strong>Camp·</strong></span> 
     </span>
     <span class='ocr_line' id='line_1_9' title="bbox 136 734 1077 791; baseline -0.009 -8"><span class='ocrx_word' id='word_1_81' title='bbox 136 747 171 783; x_wconf 74' lang='lat' dir='ltr'><em>si</em></span> <span class='ocrx_word' id='word_1_82' title='bbox 193 753 242 782; x_wconf 85' lang='lat' dir='ltr'><em>et.</em></span> <span class='ocrx_word' id='word_1_83' title='bbox 343 751 522 791; x_wconf 83' lang='lat' dir='ltr'><em>parcum.</em></span> <span class='ocrx_word' id='word_1_84' title='bbox 571 734 683 774; x_wconf 89' lang='lat' dir='ltr'><em>Flor.</em></span> <span class='ocrx_word' id='word_1_85' title='bbox 702 748 725 773; x_wconf 78' lang='lat' dir='ltr'><strong>a</strong></span> <span class='ocrx_word' id='word_1_86' title='bbox 746 749 807 787; x_wconf 88' lang='lat' dir='ltr'><em>pr.</em></span> <span class='ocrx_word' id='word_1_87' title='bbox 828 749 886 774; x_wconf 88' lang='lat' dir='ltr'><em>m.</em></span> <span class='ocrx_word' id='word_1_88' title='bbox 904 746 1077 788; x_wconf 84' lang='lat' dir='ltr'><em>partum.</em></span> 
     </span>
    </p>

    <p class='ocr_par' dir='ltr' id='par_1_6' title="bbox 139 799 1589 926">
     <span class='ocr_line' id='line_1_10' title="bbox 251 799 1589 856; baseline -0.004 -11"><span class='ocrx_word' id='word_1_89' title='bbox 251 807 290 856; x_wconf 86' lang='lat'><em>§.</em></span> <span class='ocrx_word' id='word_1_90' title='bbox 322 808 390 844; x_wconf 86' lang='grc'><em>27.</em></span> <span class='ocrx_word' id='word_1_91' title='bbox 455 802 609 855; x_wconf 75' lang='lat' dir='ltr'><em>Utique.</em></span> <span class='ocrx_word' id='word_1_92' title='bbox 662 799 805 855; x_wconf 85' lang='lat' dir='ltr'><strong>Camp.</strong></span> <span class='ocrx_word' id='word_1_93' title='bbox 837 802 979 855; x_wconf 72' lang='lat' dir='ltr'><em>itaque.</em></span> <span class='ocrx_word' id='word_1_94' title='bbox 1083 800 1409 842; x_wconf 66' lang='lat' dir='ltr'><em>committendum⁴</em></span> <span class='ocrx_word' id='word_1_95' title='bbox 1454 799 1589 850; x_wconf 66' lang='lat' dir='ltr'>Amba</span> 
     </span>
     <span class='ocr_line' id='line_1_11' title="bbox 139 866 1584 926; baseline -0.003 -14"><span class='ocrx_word' id='word_1_96' title='bbox 139 882 177 916; x_wconf 80' lang='lat'><em>1.</em></span> <span class='ocrx_word' id='word_1_97' title='bbox 208 889 229 912; x_wconf 86' lang='lat' dir='ltr'>a</span> <span class='ocrx_word' id='word_1_98' title='bbox 248 888 306 926; x_wconf 89' lang='lat' dir='ltr'><em>pr.</em></span> <span class='ocrx_word' id='word_1_99' title='bbox 328 885 386 910; x_wconf 82' lang='lat' dir='ltr'><em>m.</em></span> <span class='ocrx_word' id='word_1_100' title='bbox 418 868 791 909; x_wconf 56' lang='lat' dir='ltr'><em>ino-ommittendum,</em></span> <span class='ocrx_word' id='word_1_101' title='bbox 903 878 974 909; x_wconf 80' lang='lat' dir='ltr'><em>est.</em></span> <span class='ocrx_word' id='word_1_102' title='bbox 1035 867 1199 909; x_wconf 83' lang='lat' dir='ltr'><strong>Omittit</strong></span> <span class='ocrx_word' id='word_1_103' title='bbox 1233 866 1375 922; x_wconf 86' lang='lat' dir='ltr'><strong>Camp.</strong></span> <span class='ocrx_word' id='word_1_104' title='bbox 1491 866 1584 907; x_wconf 84' lang='lat' dir='ltr'><em>loci.</em></span> 
     </span>
    </p>
   </div>
   <div class='ocr_carea' id='block_1_6' title="bbox 135 933 1593 2658">
    <p class='ocr_par' dir='ltr' id='par_1_7' title="bbox 135 933 1587 1330">
     <span class='ocr_line' id='line_1_12' title="bbox 135 933 1586 990; baseline -0.006 -9"><span class='ocrx_word' id='word_1_105' title='bbox 135 943 271 983; x_wconf 86' lang='lat' dir='ltr'><strong>Etiam</strong></span> <span class='ocrx_word' id='word_1_106' title='bbox 288 938 397 978; x_wconf 84' lang='lat' dir='ltr'><strong>Flor.</strong></span> <span class='ocrx_word' id='word_1_107' title='bbox 417 936 544 977; x_wconf 80' lang='lat' dir='ltr'>Amb.</span> <span class='ocrx_word' id='word_1_108' title='bbox 566 942 605 977; x_wconf 85' lang='lat'><em>2.</em></span> <span class='ocrx_word' id='word_1_109' title='bbox 621 938 717 990; x_wconf 85' lang='lat' dir='ltr'><em>joci.</em></span> <span class='ocrx_word' id='word_1_110' title='bbox 802 933 972 989; x_wconf 78' lang='lat' dir='ltr'><em>alicujus</em></span> <span class='ocrx_word' id='word_1_111' title='bbox 992 938 1234 977; x_wconf 74' lang='lat' dir='ltr'><em>eaeecutione.</em></span> <span class='ocrx_word' id='word_1_112' title='bbox 1272 934 1400 975; x_wconf 87' lang='lat' dir='ltr'><strong>Amb.</strong></span> <span class='ocrx_word' id='word_1_113' title='bbox 1421 939 1455 975; x_wconf 87' lang='lat'><em>1.</em></span> <span class='ocrx_word' id='word_1_114' title='bbox 1477 938 1586 988; x_wconf 71' lang='lat' dir='ltr'><em>cujus</em></span> 
     </span>
     <span class='ocr_line' id='line_1_13' title="bbox 137 1000 1585 1055; baseline -0.005 -6"><span class='ocrx_word' id='word_1_115' title='bbox 137 1008 439 1049; x_wconf 62' lang='lat' dir='ltr'><em>exsecutionem·</em></span> <span class='ocrx_word' id='word_1_116' title='bbox 539 1003 774 1055; x_wconf 74' lang='lat' dir='ltr'><em>adjuvemuS.</em></span> <span class='ocrx_word' id='word_1_117' title='bbox 818 1000 946 1042; x_wconf 81' lang='lat' dir='ltr'>Amb.</span> <span class='ocrx_word' id='word_1_118' title='bbox 970 1007 1007 1042; x_wconf 83' lang='lat'><em>1.</em></span> <span class='ocrx_word' id='word_1_119' title='bbox 1033 1008 1071 1043; x_wconf 89' lang='lat'><em>2.</em></span> <span class='ocrx_word' id='word_1_120' title='bbox 1089 1001 1198 1044; x_wconf 89' lang='lat' dir='ltr'><em>Flor.</em></span> <span class='ocrx_word' id='word_1_121' title='bbox 1226 1002 1316 1043; x_wconf 84' lang='lat' dir='ltr'><strong>Par.</strong></span> <span class='ocrx_word' id='word_1_122' title='bbox 1341 1008 1377 1042; x_wconf 92' lang='lat'><em>1.</em></span> <span class='ocrx_word' id='word_1_123' title='bbox 1400 1008 1439 1044; x_wconf 89' lang='lat'><em>2.</em></span> <span class='ocrx_word' id='word_1_124' title='bbox 1463 1004 1585 1042; x_wconf 80' lang='lat' dir='ltr'><strong>etiam</strong></span> 
     </span>
     <span class='ocr_line' id='line_1_14' title="bbox 137 1068 1583 1130; baseline 0 -18"><span class='ocrx_word' id='word_1_125' title='bbox 137 1076 311 1130; x_wconf 76' lang='lat' dir='ltr'><em>adjuves.</em></span> <span class='ocrx_word' id='word_1_126' title='bbox 416 1071 618 1111; x_wconf 73' lang='lat' dir='ltr'><em>cludenda.</em></span> <span class='ocrx_word' id='word_1_127' title='bbox 677 1070 805 1111; x_wconf 87' lang='lat' dir='ltr'><strong>Amb.</strong></span> <span class='ocrx_word' id='word_1_128' title='bbox 831 1074 869 1112; x_wconf 88' lang='lat'><em>1.</em></span> <span class='ocrx_word' id='word_1_129' title='bbox 893 1071 1035 1121; x_wconf 83' lang='lat' dir='ltr'>adjecit</span> <span class='ocrx_word' id='word_1_130' title='bbox 1052 1080 1177 1109; x_wconf 84' lang='lat' dir='ltr'><em>erunt.</em></span> <span class='ocrx_word' id='word_1_131' title='bbox 1280 1071 1390 1111; x_wconf 75' lang='lat' dir='ltr'><em>mihi.</em></span> <span class='ocrx_word' id='word_1_132' title='bbox 1442 1068 1583 1124; x_wconf 75' lang='lat' dir='ltr'><strong>Calnp.</strong></span> 
     </span>
     <span class='ocr_line' id='line_1_15' title="bbox 136 1135 1583 1198; baseline -0.004 -14"><span class='ocrx_word' id='word_1_133' title='bbox 136 1141 248 1184; x_wconf 73' lang='lat' dir='ltr'><em>nihil.</em></span> <span class='ocrx_word' id='word_1_134' title='bbox 319 1139 475 1198; x_wconf 56' lang='lat' dir='ltr'><em>fiaeazs.</em></span> <span class='ocrx_word' id='word_1_135' title='bbox 524 1137 652 1178; x_wconf 89' lang='lat' dir='ltr'><strong>Amb.</strong></span> <span class='ocrx_word' id='word_1_136' title='bbox 678 1144 715 1178; x_wconf 89' lang='lat'><em>1.</em></span> <span class='ocrx_word' id='word_1_137' title='bbox 735 1137 766 1177; x_wconf 87' lang='lat' dir='ltr'>F</span> <span class='ocrx_word' id='word_1_138' title='bbox 771 1140 842 1177; x_wconf 83' lang='lat' dir='ltr'><em>lor.</em></span> <span class='ocrx_word' id='word_1_139' title='bbox 857 1136 999 1193; x_wconf 79' lang='lat' dir='ltr'><em>fuerit.</em></span> <span class='ocrx_word' id='word_1_140' title='bbox 1083 1148 1141 1176; x_wconf 74' lang='lat' dir='ltr'><em>tot</em></span> <span class='ocrx_word' id='word_1_141' title='bbox 1160 1139 1286 1177; x_wconf 80' lang='lat' dir='ltr'><strong><em>annis.</em></strong></span> <span class='ocrx_word' id='word_1_142' title='bbox 1334 1135 1438 1177; x_wconf 87' lang='lat' dir='ltr'>Item</span> <span class='ocrx_word' id='word_1_143' title='bbox 1455 1135 1583 1178; x_wconf 86' lang='lat' dir='ltr'>Amb.</span> 
     </span>
     <span class='ocr_line' id='line_1_16' title="bbox 141 1203 1584 1263; baseline -0.004 -12"><span class='ocrx_word' id='word_1_144' title='bbox 141 1216 178 1251; x_wconf 81' lang='lat'><em>1.</em></span> <span class='ocrx_word' id='word_1_145' title='bbox 198 1219 289 1263; x_wconf 85' lang='lat' dir='ltr'><em>quot</em></span> <span class='ocrx_word' id='word_1_146' title='bbox 309 1224 347 1248; x_wconf 85' lang='lat' dir='ltr'><em>a.</em></span> <span class='ocrx_word' id='word_1_147' title='bbox 394 1207 503 1247; x_wconf 76' lang='lat' dir='ltr'><em>Flor.</em></span> <span class='ocrx_word' id='word_1_148' title='bbox 521 1205 625 1260; x_wconf 73' lang='lat' dir='ltr'><em>quod</em></span> <span class='ocrx_word' id='word_1_149' title='bbox 644 1222 682 1244; x_wconf 85' lang='lat' dir='ltr'><em>a.</em></span> <span class='ocrx_word' id='word_1_150' title='bbox 727 1204 818 1245; x_wconf 83' lang='lat' dir='ltr'><strong>Par.</strong></span> <span class='ocrx_word' id='word_1_151' title='bbox 840 1210 879 1245; x_wconf 85' lang='lat'><em>2.</em></span> <span class='ocrx_word' id='word_1_152' title='bbox 900 1215 957 1245; x_wconf 78' lang='lat' dir='ltr'><em>iot</em></span> <span class='ocrx_word' id='word_1_153' title='bbox 977 1221 1112 1244; x_wconf 77' lang='lat' dir='ltr'><em>annos.</em></span> <span class='ocrx_word' id='word_1_154' title='bbox 1186 1204 1346 1261; x_wconf 82' lang='lat' dir='ltr'><em>forum.</em></span> <span class='ocrx_word' id='word_1_155' title='bbox 1394 1203 1520 1245; x_wconf 84' lang='lat' dir='ltr'><strong>Amb.</strong></span> <span class='ocrx_word' id='word_1_156' title='bbox 1545 1210 1584 1246; x_wconf 85' lang='lat'><em>1.</em></span> 
     </span>
     <span class='ocr_line' id='line_1_17' title="bbox 137 1271 1587 1330; baseline -0.003 -14"><span class='ocrx_word' id='word_1_157' title='bbox 137 1277 276 1319; x_wconf 83' lang='lat' dir='ltr'><em>Turio.</em></span> <span class='ocrx_word' id='word_1_158' title='bbox 297 1291 443 1315; x_wconf 68' lang='lat' dir='ltr'><em>eorum,</em></span> <span class='ocrx_word' id='word_1_159' title='bbox 543 1271 733 1329; x_wconf 75' lang='lat' dir='ltr'><em>abfitcris.</em></span> <span class='ocrx_word' id='word_1_160' title='bbox 787 1271 925 1312; x_wconf 72' lang='lat' dir='ltr'><em>Tusic.</em></span> <span class='ocrx_word' id='word_1_161' title='bbox 957 1271 1167 1328; x_wconf 75' lang='lat' dir='ltr'><em>anfueris.</em></span> <span class='ocrx_word' id='word_1_162' title='bbox 1210 1271 1338 1313; x_wconf 80' lang='lat' dir='ltr'><em>Aan.</em></span> <span class='ocrx_word' id='word_1_163' title='bbox 1358 1277 1398 1313; x_wconf 88' lang='grc'><em>2.</em></span> <span class='ocrx_word' id='word_1_164' title='bbox 1422 1273 1587 1330; x_wconf 55' lang='lat' dir='ltr'><em>cfiaeriS.</em></span> 
     </span>
    </p>

    <p class='ocr_par' dir='ltr' id='par_1_8' title="bbox 139 1334 1593 1453">
     <span class='ocr_line' id='line_1_18' title="bbox 226 1334 1593 1395; baseline -0.001 -12"><span class='ocrx_word' id='word_1_165' title='bbox 226 1360 313 1384; x_wconf 87' lang='lat' dir='ltr'><em>cum</em></span> <span class='ocrx_word' id='word_1_166' title='bbox 342 1344 405 1382; x_wconf 73' lang='lat' dir='ltr'><em>iis.</em></span> <span class='ocrx_word' id='word_1_167' title='bbox 467 1339 592 1381; x_wconf 85' lang='lat' dir='ltr'><strong>Amb.</strong></span> <span class='ocrx_word' id='word_1_168' title='bbox 625 1345 663 1379; x_wconf 88' lang='lat'><em>1.</em></span> <span class='ocrx_word' id='word_1_169' title='bbox 699 1345 737 1380; x_wconf 88' lang='lat'><em>2.</em></span> <span class='ocrx_word' id='word_1_170' title='bbox 768 1337 903 1380; x_wconf 87' lang='lat' dir='ltr'><strong>Guelf.</strong></span> <span class='ocrx_word' id='word_1_171' title='bbox 938 1338 1078 1392; x_wconf 83' lang='lat' dir='ltr'><strong>Camp.</strong></span> <span class='ocrx_word' id='word_1_172' title='bbox 1112 1356 1197 1379; x_wconf 88' lang='lat' dir='ltr'><em>cum</em></span> <span class='ocrx_word' id='word_1_173' title='bbox 1223 1340 1298 1381; x_wconf 74' lang='lat' dir='ltr'><em>his.</em></span> <span class='ocrx_word' id='word_1_174' title='bbox 1405 1340 1452 1380; x_wconf 82' lang='lat' dir='ltr'><em>de</em></span> <span class='ocrx_word' id='word_1_175' title='bbox 1477 1334 1593 1395; x_wconf 51' lang='lat' dir='ltr'><em>dign-¹</em></span> 
     </span>
     <span class='ocr_line' id='line_1_19' title="bbox 139 1406 1128 1453; baseline -0.006 0"><span class='ocrx_word' id='word_1_176' title='bbox 139 1413 170 1453; x_wconf 91' lang='lat' dir='ltr'>F</span> <span class='ocrx_word' id='word_1_177' title='bbox 173 1415 246 1452; x_wconf 84' lang='lat' dir='ltr'><em>lor.</em></span> <span class='ocrx_word' id='word_1_178' title='bbox 273 1409 397 1450; x_wconf 85' lang='lat' dir='ltr'>Amb.</span> <span class='ocrx_word' id='word_1_179' title='bbox 417 1414 456 1449; x_wconf 88' lang='lat'><em>2.</em></span> <span class='ocrx_word' id='word_1_180' title='bbox 475 1407 568 1448; x_wconf 83' lang='lat' dir='ltr'>Par.</span> <span class='ocrx_word' id='word_1_181' title='bbox 590 1412 628 1447; x_wconf 92' lang='lat'><em>1.</em></span> <span class='ocrx_word' id='word_1_182' title='bbox 650 1413 690 1448; x_wconf 89' lang='lat'><em>2.</em></span> <span class='ocrx_word' id='word_1_183' title='bbox 715 1410 907 1447; x_wconf 85' lang='lat' dir='ltr'><em>omittunt</em></span> <span class='ocrx_word' id='word_1_184' title='bbox 925 1409 1048 1447; x_wconf 81' lang='lat' dir='ltr'>etiam</span> <span class='ocrx_word' id='word_1_185' title='bbox 1068 1406 1128 1448; x_wconf 79' lang='lat' dir='ltr'><em>de.</em></span> 
     </span>
    </p>

    <p class='ocr_par' dir='ltr' id='par_1_9' title="bbox 137 1468 1592 2066">
     <span class='ocr_line' id='line_1_20' title="bbox 255 1468 1588 1529; baseline 0.002 -15"><span class='ocrx_word' id='word_1_186' title='bbox 255 1480 293 1529; x_wconf 85' lang='lat'><em>§.</em></span> <span class='ocrx_word' id='word_1_187' title='bbox 326 1483 394 1518; x_wconf 84' lang='grc'><em>28.</em></span> <span class='ocrx_word' id='word_1_188' title='bbox 456 1478 497 1514; x_wconf 83' lang='lat' dir='ltr'><em>in</em></span> <span class='ocrx_word' id='word_1_189' title='bbox 527 1474 706 1516; x_wconf 72' lang='lat' dir='ltr'><em>contrad.</em></span> <span class='ocrx_word' id='word_1_190' title='bbox 771 1473 880 1515; x_wconf 89' lang='lat' dir='ltr'><strong>Flor.</strong></span> <span class='ocrx_word' id='word_1_191' title='bbox 912 1490 933 1513; x_wconf 85' lang='lat' dir='ltr'>a</span> <span class='ocrx_word' id='word_1_192' title='bbox 963 1490 1040 1514; x_wconf 80' lang='lat' dir='ltr'><em>sec.</em></span> <span class='ocrx_word' id='word_1_193' title='bbox 1070 1490 1126 1516; x_wconf 81' lang='lat' dir='ltr'><em>ln.</em></span> <span class='ocrx_word' id='word_1_194' title='bbox 1162 1468 1290 1515; x_wconf 79' lang='lat' dir='ltr'><strong>Amb.</strong></span> <span class='ocrx_word' id='word_1_195' title='bbox 1313 1482 1353 1517; x_wconf 88' lang='grc'><em>2.</em></span> <span class='ocrx_word' id='word_1_196' title='bbox 1383 1474 1430 1514; x_wconf 74' lang='lat' dir='ltr'><em>de</em></span> <span class='ocrx_word' id='word_1_197' title='bbox 1461 1487 1588 1518; x_wconf 82' lang='lat' dir='ltr'><em>contr.</em></span> 
     </span>
     <span class='ocr_line' id='line_1_21' title="bbox 139 1541 1590 1595; baseline -0.002 -9"><span class='ocrx_word' id='word_1_198' title='bbox 139 1546 261 1587; x_wconf 88' lang='lat' dir='ltr'><strong>Amb.</strong></span> <span class='ocrx_word' id='word_1_199' title='bbox 288 1550 324 1585; x_wconf 89' lang='lat'><em>1.</em></span> <span class='ocrx_word' id='word_1_200' title='bbox 342 1543 447 1584; x_wconf 87' lang='lat' dir='ltr'><em>Flor.</em></span> <span class='ocrx_word' id='word_1_201' title='bbox 473 1557 496 1581; x_wconf 88' lang='lat' dir='ltr'><strong>a</strong></span> <span class='ocrx_word' id='word_1_202' title='bbox 516 1558 574 1595; x_wconf 82' lang='lat' dir='ltr'><em>pr.</em></span> <span class='ocrx_word' id='word_1_203' title='bbox 594 1557 650 1582; x_wconf 86' lang='lat' dir='ltr'><em>m.</em></span> <span class='ocrx_word' id='word_1_204' title='bbox 681 1545 720 1581; x_wconf 85' lang='lat' dir='ltr'><em>in</em></span> <span class='ocrx_word' id='word_1_205' title='bbox 751 1541 1092 1582; x_wconf 79' lang='lat' dir='ltr'><em>contradictiones,</em></span> <span class='ocrx_word' id='word_1_206' title='bbox 1204 1553 1245 1581; x_wconf 85' lang='lat' dir='ltr'><em>ut</em></span> <span class='ocrx_word' id='word_1_207' title='bbox 1271 1542 1354 1585; x_wconf 84' lang='lat' dir='ltr'><em>Cic.</em></span> <span class='ocrx_word' id='word_1_208' title='bbox 1393 1543 1518 1585; x_wconf 83' lang='lat' dir='ltr'>Amb.</span> <span class='ocrx_word' id='word_1_209' title='bbox 1552 1550 1590 1587; x_wconf 85' lang='lat'><em>1.</em></span> 
     </span>
     <span class='ocr_line' id='line_1_22' title="bbox 142 1607 1586 1656; baseline 0.001 -4"><span class='ocrx_word' id='word_1_210' title='bbox 142 1616 303 1656; x_wconf 76' lang='lat' dir='ltr'><em>omittit.</em></span> <span class='ocrx_word' id='word_1_211' title='bbox 390 1613 510 1650; x_wconf 82' lang='lat' dir='ltr'><em>circa.</em></span> <span class='ocrx_word' id='word_1_212' title='bbox 557 1607 624 1649; x_wconf 90' lang='lat' dir='ltr'><em>Sic</em></span> <span class='ocrx_word' id='word_1_213' title='bbox 644 1612 766 1647; x_wconf 76' lang='lat' dir='ltr'>etiam</span> <span class='ocrx_word' id='word_1_214' title='bbox 781 1607 906 1649; x_wconf 83' lang='lat' dir='ltr'><strong>Amb.</strong></span> <span class='ocrx_word' id='word_1_215' title='bbox 920 1615 956 1649; x_wconf 92' lang='lat'><em>1.</em></span> <span class='ocrx_word' id='word_1_216' title='bbox 970 1615 1008 1649; x_wconf 90' lang='lat'><em>2.</em></span> <span class='ocrx_word' id='word_1_217' title='bbox 1027 1608 1133 1650; x_wconf 90' lang='lat' dir='ltr'><em>Flor.</em></span> <span class='ocrx_word' id='word_1_218' title='bbox 1218 1610 1440 1653; x_wconf 76' lang='lat' dir='ltr'><strong><em>Bostarem.</em></strong></span> <span class='ocrx_word' id='word_1_219' title='bbox 1478 1611 1586 1653; x_wconf 60' lang='lat' dir='ltr'><em>Flor⁴</em></span> 
     </span>
     <span class='ocr_line' id='line_1_23' title="bbox 137 1674 1590 1734; baseline -0.001 -16"><span class='ocrx_word' id='word_1_220' title='bbox 137 1691 348 1734; x_wconf 73' lang='lat' dir='ltr'><em>postor-em.</em></span> <span class='ocrx_word' id='word_1_221' title='bbox 435 1675 568 1716; x_wconf 76' lang='lat' dir='ltr'><em>veluti.</em></span> <span class='ocrx_word' id='word_1_222' title='bbox 619 1675 686 1715; x_wconf 80' lang='lat' dir='ltr'><em>Sic</em></span> <span class='ocrx_word' id='word_1_223' title='bbox 708 1679 830 1714; x_wconf 81' lang='lat' dir='ltr'>etiam</span> <span class='ocrx_word' id='word_1_224' title='bbox 850 1674 977 1716; x_wconf 87' lang='lat' dir='ltr'><strong>Amb.</strong></span> <span class='ocrx_word' id='word_1_225' title='bbox 1004 1681 1040 1717; x_wconf 88' lang='lat'><em>1.</em></span> <span class='ocrx_word' id='word_1_226' title='bbox 1063 1682 1104 1717; x_wconf 87' lang='grc'><em>2.</em></span> <span class='ocrx_word' id='word_1_227' title='bbox 1133 1676 1240 1719; x_wconf 78' lang='lat' dir='ltr'>Flor.</span> <span class='ocrx_word' id='word_1_228' title='bbox 1256 1709 1266 1729; x_wconf 88' lang='lat'><strong>,</strong></span> <span class='ocrx_word' id='word_1_229' title='bbox 1307 1682 1377 1733; x_wconf 89' lang='lat' dir='ltr'><em>qui</em></span> <span class='ocrx_word' id='word_1_230' title='bbox 1395 1679 1590 1718; x_wconf 74' lang='lat' dir='ltr'><em>accedunt</em></span> 
     </span>
     <span class='ocr_line' id='line_1_24' title="bbox 140 1742 1590 1798; baseline 0 -11"><span class='ocrx_word' id='word_1_231' title='bbox 140 1746 369 1787; x_wconf 83' lang='lat' dir='ltr'><em>Turicensis</em></span> <span class='ocrx_word' id='word_1_232' title='bbox 399 1745 543 1784; x_wconf 83' lang='lat' dir='ltr'><em>errori:</em></span> <span class='ocrx_word' id='word_1_233' title='bbox 587 1742 692 1782; x_wconf 80' lang='lat' dir='ltr'><em>velut</em></span> <span class='ocrx_word' id='word_1_234' title='bbox 719 1744 760 1783; x_wconf 85' lang='lat' dir='ltr'><em>in</em></span> <span class='ocrx_word' id='word_1_235' title='bbox 790 1745 998 1791; x_wconf 78' lang='lat' dir='ltr'><em>rationem,</em></span> <span class='ocrx_word' id='word_1_236' title='bbox 1046 1746 1125 1782; x_wconf 87' lang='lat' dir='ltr'>nisi</span> <span class='ocrx_word' id='word_1_237' title='bbox 1156 1744 1266 1798; x_wconf 90' lang='lat' dir='ltr'><em>quod</em></span> <span class='ocrx_word' id='word_1_238' title='bbox 1292 1744 1417 1785; x_wconf 80' lang='lat' dir='ltr'><em>Aan.</em></span> <span class='ocrx_word' id='word_1_239' title='bbox 1448 1751 1484 1786; x_wconf 88' lang='lat'><em>1.</em></span> <span class='ocrx_word' id='word_1_240' title='bbox 1522 1746 1590 1787; x_wconf 87' lang='lat' dir='ltr'><em>dat</em></span> 
     </span>
     <span class='ocr_line' id='line_1_25' title="bbox 142 1813 1592 1866; baseline -0.001 -13"><span class='ocrx_word' id='word_1_241' title='bbox 142 1816 335 1853; x_wconf 76' lang='lat' dir='ltr'><em>rationum</em></span> <span class='ocrx_word' id='word_1_242' title='bbox 350 1841 362 1860; x_wconf 86' lang='lat'><em>‚</em></span> <span class='ocrx_word' id='word_1_243' title='bbox 402 1814 548 1851; x_wconf 80' lang='lat' dir='ltr'>lacuna</span> <span class='ocrx_word' id='word_1_244' title='bbox 567 1814 654 1850; x_wconf 92' lang='lat' dir='ltr'><em>loco</em></span> <span class='ocrx_word' id='word_1_245' title='bbox 674 1813 975 1863; x_wconf 74' lang='lat' dir='ltr'><em>praeposifionis</em></span> <span class='ocrx_word' id='word_1_246' title='bbox 994 1813 1213 1862; x_wconf 78' lang='lat' dir='ltr'><strong>interjecta.</strong></span> <span class='ocrx_word' id='word_1_247' title='bbox 1310 1814 1592 1866; x_wconf 73' lang='lat' dir='ltr'><em>propositioni-</em></span> 
     </span>
     <span class='ocr_line' id='line_1_26' title="bbox 141 1877 1592 1932; baseline -0.001 -12"><span class='ocrx_word' id='word_1_248' title='bbox 141 1883 224 1921; x_wconf 78' lang='lat' dir='ltr'><em>bus.</em></span> <span class='ocrx_word' id='word_1_249' title='bbox 274 1879 402 1921; x_wconf 82' lang='lat' dir='ltr'><strong>Amb‚</strong></span> <span class='ocrx_word' id='word_1_250' title='bbox 431 1883 467 1919; x_wconf 82' lang='lat'><em>1.</em></span> <span class='ocrx_word' id='word_1_251' title='bbox 499 1877 638 1917; x_wconf 86' lang='lat' dir='ltr'><em>Turic.</em></span> <span class='ocrx_word' id='word_1_252' title='bbox 668 1894 851 1931; x_wconf 73' lang='lat' dir='ltr'><em>praepos.</em></span> <span class='ocrx_word' id='word_1_253' title='bbox 966 1878 1200 1931; x_wconf 79' lang='lat' dir='ltr'><em>Pompuleno</em></span> <span class='ocrx_word' id='word_1_254' title='bbox 1220 1901 1278 1908; x_wconf 93' lang='lat'><em>—-</em></span> <span class='ocrx_word' id='word_1_255' title='bbox 1299 1878 1592 1932; x_wconf 82' lang='lat' dir='ltr'><em>Pompulenum.</em></span> 
     </span>
     <span class='ocr_line' id='line_1_27' title="bbox 140 1944 1590 1998; baseline -0.001 -11"><span class='ocrx_word' id='word_1_256' title='bbox 140 1948 209 1988; x_wconf 86' lang='lat' dir='ltr'><em>Sic</em></span> <span class='ocrx_word' id='word_1_257' title='bbox 237 1950 359 1986; x_wconf 83' lang='lat' dir='ltr'><strong>etiam</strong></span> <span class='ocrx_word' id='word_1_258' title='bbox 377 1945 502 1985; x_wconf 80' lang='lat' dir='ltr'><strong>Amb.</strong></span> <span class='ocrx_word' id='word_1_259' title='bbox 527 1951 567 1985; x_wconf 89' lang='grc'><em>2.</em></span> <span class='ocrx_word' id='word_1_260' title='bbox 582 1976 593 1996; x_wconf 83' lang='grc'><em>,</em></span> <span class='ocrx_word' id='word_1_261' title='bbox 634 1948 806 1997; x_wconf 82' lang='lat' dir='ltr'>primam</span> <span class='ocrx_word' id='word_1_262' title='bbox 827 1959 967 1984; x_wconf 87' lang='lat' dir='ltr'><em>vocem</em></span> <span class='ocrx_word' id='word_1_263' title='bbox 985 1944 1075 1985; x_wconf 73' lang='lat' dir='ltr'><strong>Par·</strong></span> <span class='ocrx_word' id='word_1_264' title='bbox 1102 1949 1136 1983; x_wconf 87' lang='grc'><em>3.</em></span> <span class='ocrx_word' id='word_1_265' title='bbox 1156 1959 1315 1998; x_wconf 84' lang='lat' dir='ltr'><em>quoque</em></span> <span class='ocrx_word' id='word_1_266' title='bbox 1338 1947 1394 1984; x_wconf 86' lang='lat' dir='ltr'><em>sic</em></span> <span class='ocrx_word' id='word_1_267' title='bbox 1414 1945 1590 1988; x_wconf 78' lang='lat' dir='ltr'><strong>exhibet.</strong></span> 
     </span>
     <span class='ocr_line' id='line_1_28' title="bbox 141 2010 1590 2066; baseline -0.001 -12"><span class='ocrx_word' id='word_1_268' title='bbox 141 2014 266 2055; x_wconf 88' lang='lat' dir='ltr'><strong>Amb.</strong></span> <span class='ocrx_word' id='word_1_269' title='bbox 300 2019 336 2054; x_wconf 87' lang='lat'><em>1.</em></span> <span class='ocrx_word' id='word_1_270' title='bbox 373 2012 483 2057; x_wconf 74' lang='lat' dir='ltr'><em>Flor,</em></span> <span class='ocrx_word' id='word_1_271' title='bbox 511 2011 733 2066; x_wconf 77' lang='lat' dir='ltr'><em>populetzio.</em></span> <span class='ocrx_word' id='word_1_272' title='bbox 790 2010 899 2051; x_wconf 78' lang='lat' dir='ltr'><strong>F10r‚</strong></span> <span class='ocrx_word' id='word_1_273' title='bbox 927 2010 1192 2065; x_wconf 81' lang='lat' dir='ltr'><em>populentium</em></span> <span class='ocrx_word' id='word_1_274' title='bbox 1224 2026 1294 2063; x_wconf 86' lang='lat' dir='ltr'><em>pro</em></span> <span class='ocrx_word' id='word_1_275' title='bbox 1327 2014 1450 2051; x_wconf 81' lang='lat' dir='ltr'>altera</span> <span class='ocrx_word' id='word_1_276' title='bbox 1475 2027 1590 2055; x_wconf 84' lang='lat' dir='ltr'><em>voce.</em></span> 
     </span>
    </p>

    <p class='ocr_par' dir='ltr' id='par_1_10' title="bbox 140 2076 1592 2658">
     <span class='ocr_line' id='line_1_29' title="bbox 223 2076 1592 2122; baseline -0.001 0"><span class='ocrx_word' id='word_1_277' title='bbox 223 2080 538 2122; x_wconf 76' lang='lat' dir='ltr'><em>Ancharianam.</em></span> <span class='ocrx_word' id='word_1_278' title='bbox 601 2076 727 2119; x_wconf 85' lang='lat' dir='ltr'><strong>Amb.</strong></span> <span class='ocrx_word' id='word_1_279' title='bbox 765 2083 801 2117; x_wconf 89' lang='lat'><em>1.</em></span> <span class='ocrx_word' id='word_1_280' title='bbox 841 2081 1113 2119; x_wconf 81' lang='lat' dir='ltr'><em>anconianam.</em></span> <span class='ocrx_word' id='word_1_281' title='bbox 1184 2077 1292 2119; x_wconf 87' lang='lat' dir='ltr'><em>Flor.</em></span> <span class='ocrx_word' id='word_1_282' title='bbox 1333 2080 1592 2121; x_wconf 74' lang='lat' dir='ltr'><em>mancharioe-</em></span> 
     </span>
     <span class='ocr_line' id='line_1_30' title="bbox 141 2142 1502 2200; baseline -0.001 -11"><span class='ocrx_word' id='word_1_283' title='bbox 141 2166 245 2189; x_wconf 83' lang='lat' dir='ltr'><strong><em>nam.</em></strong></span> <span class='ocrx_word' id='word_1_284' title='bbox 334 2147 537 2188; x_wconf 68' lang='lat' dir='ltr'><em>dixerunt,</em></span> <span class='ocrx_word' id='word_1_285' title='bbox 588 2142 730 2200; x_wconf 84' lang='lat' dir='ltr'><em>Camp.</em></span> <span class='ocrx_word' id='word_1_286' title='bbox 752 2145 919 2187; x_wconf 75' lang='lat' dir='ltr'><strong><em>dixerit.</em></strong></span> <span class='ocrx_word' id='word_1_287' title='bbox 1006 2145 1127 2185; x_wconf 78' lang='lat' dir='ltr'><em>illico.</em></span> <span class='ocrx_word' id='word_1_288' title='bbox 1178 2145 1304 2187; x_wconf 86' lang='lat' dir='ltr'>Amb.</span> <span class='ocrx_word' id='word_1_289' title='bbox 1325 2152 1364 2188; x_wconf 84' lang='lat'><em>2.</em></span> <span class='ocrx_word' id='word_1_290' title='bbox 1394 2146 1502 2188; x_wconf 87' lang='lat' dir='ltr'><em>ilico.</em></span> 
     </span>
     <span class='ocr_line' id='line_1_31' title="bbox 140 2212 1590 2269; baseline 0 -14"><span class='ocrx_word' id='word_1_291' title='bbox 140 2220 328 2255; x_wconf 72' lang='lat' dir='ltr'><em>vinctum.</em></span> <span class='ocrx_word' id='word_1_292' title='bbox 376 2212 499 2254; x_wconf 79' lang='lat' dir='ltr'><em>Goth.</em></span> <span class='ocrx_word' id='word_1_293' title='bbox 517 2215 707 2266; x_wconf 81' lang='lat' dir='ltr'><em>junctum.</em></span> <span class='ocrx_word' id='word_1_294' title='bbox 800 2212 1048 2269; x_wconf 74' lang='lat' dir='ltr'><em>faciendum.</em></span> <span class='ocrx_word' id='word_1_295' title='bbox 1096 2212 1305 2255; x_wconf 84' lang='lat' dir='ltr'><em>Omittuut</em></span> <span class='ocrx_word' id='word_1_296' title='bbox 1326 2217 1445 2253; x_wconf 80' lang='lat' dir='ltr'><strong>etiam</strong></span> <span class='ocrx_word' id='word_1_297' title='bbox 1463 2213 1590 2257; x_wconf 89' lang='lat' dir='ltr'><strong>Amb.</strong></span> 
     </span>
     <span class='ocr_line' id='line_1_32' title="bbox 145 2278 1588 2335; baseline -0.001 -11"><span class='ocrx_word' id='word_1_298' title='bbox 145 2290 181 2324; x_wconf 88' lang='lat'><em>1.</em></span> <span class='ocrx_word' id='word_1_299' title='bbox 201 2289 240 2324; x_wconf 81' lang='lat'><em>2.</em></span> <span class='ocrx_word' id='word_1_300' title='bbox 261 2281 368 2322; x_wconf 83' lang='lat' dir='ltr'><em>Flor.</em></span> <span class='ocrx_word' id='word_1_301' title='bbox 457 2282 544 2318; x_wconf 76' lang='lat' dir='ltr'><em>erit.</em></span> <span class='ocrx_word' id='word_1_302' title='bbox 596 2278 720 2319; x_wconf 84' lang='lat' dir='ltr'>Amb.</span> <span class='ocrx_word' id='word_1_303' title='bbox 745 2285 780 2319; x_wconf 88' lang='lat'><em>1.</em></span> <span class='ocrx_word' id='word_1_304' title='bbox 803 2283 905 2321; x_wconf 76' lang='lat' dir='ltr'><em>ierit.</em></span> <span class='ocrx_word' id='word_1_305' title='bbox 1004 2283 1161 2335; x_wconf 82' lang='lat' dir='ltr'><em>etipsa.</em></span> <span class='ocrx_word' id='word_1_306' title='bbox 1209 2280 1345 2322; x_wconf 78' lang='lat' dir='ltr'><em>Turio.</em></span> <span class='ocrx_word' id='word_1_307' title='bbox 1377 2297 1399 2321; x_wconf 89' lang='lat' dir='ltr'>a</span> <span class='ocrx_word' id='word_1_308' title='bbox 1426 2297 1503 2323; x_wconf 83' lang='lat' dir='ltr'><em>sec.</em></span> <span class='ocrx_word' id='word_1_309' title='bbox 1534 2298 1588 2322; x_wconf 66' lang='lat' dir='ltr'><em>m,</em></span> 
     </span>
     <span class='ocr_line' id='line_1_33' title="bbox 142 2346 1587 2403; baseline -0.001 -14"><span class='ocrx_word' id='word_1_310' title='bbox 142 2367 197 2389; x_wconf 67' lang='grc' dir='ltr'><em>εει·</em></span> <span class='ocrx_word' id='word_1_311' title='bbox 236 2353 262 2390; x_wconf 82' lang='grc' dir='ltr'><em>ι’.</em></span> <span class='ocrx_word' id='word_1_312' title='bbox 378 2348 641 2401; x_wconf 70' lang='lat' dir='ltr'><em>expositione.</em></span> <span class='ocrx_word' id='word_1_313' title='bbox 697 2346 838 2401; x_wconf 86' lang='lat' dir='ltr'><em>Camp.</em></span> <span class='ocrx_word' id='word_1_314' title='bbox 881 2351 1164 2403; x_wconf 72' lang='lat' dir='ltr'><em>expeciatione.</em></span> <span class='ocrx_word' id='word_1_315' title='bbox 1279 2358 1315 2387; x_wconf 80' lang='lat' dir='ltr'><em>et</em></span> <span class='ocrx_word' id='word_1_316' title='bbox 1351 2347 1587 2403; x_wconf 82' lang='lat' dir='ltr'><em>plerumque.</em></span> 
     </span>
     <span class='ocr_line' id='line_1_34' title="bbox 142 2411 1588 2471; baseline 0 -15"><span class='ocrx_word' id='word_1_317' title='bbox 142 2417 266 2456; x_wconf 84' lang='lat' dir='ltr'><strong>Amb.</strong></span> <span class='ocrx_word' id='word_1_318' title='bbox 287 2421 323 2456; x_wconf 84' lang='lat'><em>1.</em></span> <span class='ocrx_word' id='word_1_319' title='bbox 343 2429 422 2455; x_wconf 82' lang='lat' dir='ltr'><em>om.</em></span> <span class='ocrx_word' id='word_1_320' title='bbox 445 2424 494 2453; x_wconf 79' lang='lat' dir='ltr'><em>et.</em></span> <span class='ocrx_word' id='word_1_321' title='bbox 547 2411 682 2454; x_wconf 77' lang='lat' dir='ltr'><em>Turio.</em></span> <span class='ocrx_word' id='word_1_322' title='bbox 715 2429 738 2453; x_wconf 89' lang='lat' dir='ltr'>a</span> <span class='ocrx_word' id='word_1_323' title='bbox 759 2431 819 2468; x_wconf 87' lang='lat' dir='ltr'><em>pr.</em></span> <span class='ocrx_word' id='word_1_324' title='bbox 841 2431 896 2457; x_wconf 83' lang='lat' dir='ltr'><em>m.</em></span> <span class='ocrx_word' id='word_1_325' title='bbox 933 2427 966 2455; x_wconf 78' lang='lat' dir='ltr'><em>et</em></span> <span class='ocrx_word' id='word_1_326' title='bbox 984 2416 1148 2471; x_wconf 84' lang='lat' dir='ltr'><em>plerum.</em></span> <span class='ocrx_word' id='word_1_327' title='bbox 1263 2414 1307 2454; x_wconf 80' lang='lat' dir='ltr'><em>id</em></span> <span class='ocrx_word' id='word_1_328' title='bbox 1331 2426 1403 2457; x_wconf 81' lang='lat' dir='ltr'><strong><em>est.</em></strong></span> <span class='ocrx_word' id='word_1_329' title='bbox 1453 2414 1588 2457; x_wconf 81' lang='lat' dir='ltr'><strong>Guelf.</strong></span> 
     </span>
     <span class='ocr_line' id='line_1_35' title="bbox 142 2479 1590 2536; baseline -0.001 -12"><span class='ocrx_word' id='word_1_330' title='bbox 142 2483 266 2524; x_wconf 82' lang='lat' dir='ltr'><strong>Amb.</strong></span> <span class='ocrx_word' id='word_1_331' title='bbox 291 2490 329 2523; x_wconf 83' lang='lat'><em>2.</em></span> <span class='ocrx_word' id='word_1_332' title='bbox 360 2480 477 2521; x_wconf 89' lang='lat' dir='ltr'><em>Voss.</em></span> <span class='ocrx_word' id='word_1_333' title='bbox 498 2485 537 2519; x_wconf 85' lang='lat'><em>3.</em></span> <span class='ocrx_word' id='word_1_334' title='bbox 568 2479 682 2521; x_wconf 76' lang='lat' dir='ltr'><em>idem.</em></span> <span class='ocrx_word' id='word_1_335' title='bbox 769 2485 896 2522; x_wconf 75' lang='lat' dir='ltr'><em>tutius.</em></span> <span class='ocrx_word' id='word_1_336' title='bbox 945 2483 1051 2523; x_wconf 89' lang='lat' dir='ltr'><em>Flor.</em></span> <span class='ocrx_word' id='word_1_337' title='bbox 1075 2499 1096 2521; x_wconf 82' lang='lat' dir='ltr'>a</span> <span class='ocrx_word' id='word_1_338' title='bbox 1113 2499 1173 2536; x_wconf 84' lang='lat' dir='ltr'><em>pr.</em></span> <span class='ocrx_word' id='word_1_339' title='bbox 1193 2497 1248 2524; x_wconf 89' lang='lat' dir='ltr'><em>m.</em></span> <span class='ocrx_word' id='word_1_340' title='bbox 1271 2485 1402 2524; x_wconf 76' lang='lat' dir='ltr'><em>totius.</em></span> <span class='ocrx_word' id='word_1_341' title='bbox 1495 2500 1590 2524; x_wconf 87' lang='lat' dir='ltr'><em>con-</em></span> 
     </span>
     <span class='ocr_line' id='line_1_36' title="bbox 143 2547 1590 2602; baseline 0 -12"><span class='ocrx_word' id='word_1_342' title='bbox 143 2551 408 2591; x_wconf 72' lang='lat' dir='ltr'><em>tradictiones.</em></span> <span class='ocrx_word' id='word_1_343' title='bbox 465 2547 602 2588; x_wconf 82' lang='lat' dir='ltr'><em>Turio.</em></span> <span class='ocrx_word' id='word_1_344' title='bbox 635 2563 657 2588; x_wconf 87' lang='lat' dir='ltr'>a</span> <span class='ocrx_word' id='word_1_345' title='bbox 685 2565 745 2602; x_wconf 87' lang='lat' dir='ltr'><em>pr.</em></span> <span class='ocrx_word' id='word_1_346' title='bbox 775 2566 831 2592; x_wconf 87' lang='lat' dir='ltr'><em>m.</em></span> <span class='ocrx_word' id='word_1_347' title='bbox 864 2552 1199 2598; x_wconf 63' lang='lat' dir='ltr'><em>contradictionis·</em></span> <span class='ocrx_word' id='word_1_348' title='bbox 1251 2548 1590 2592; x_wconf 77' lang='lat' dir='ltr'><em>Guelf.1racliti0-</em></span> 
     </span>
     <span class='ocr_line' id='line_1_37' title="bbox 144 2614 809 2658; baseline 0.003 -2"><span class='ocrx_word' id='word_1_349' title='bbox 144 2635 218 2656; x_wconf 78' lang='lat' dir='ltr'><em>nes.</em></span> <span class='ocrx_word' id='word_1_350' title='bbox 316 2627 474 2655; x_wconf 76' lang='lat' dir='ltr'><em>natura.</em></span> <span class='ocrx_word' id='word_1_351' title='bbox 523 2614 631 2655; x_wconf 85' lang='lat' dir='ltr'><em>Flor.</em></span> <span class='ocrx_word' id='word_1_352' title='bbox 655 2618 704 2656; x_wconf 81' lang='lat' dir='ltr'><em>ab</em></span> <span class='ocrx_word' id='word_1_353' title='bbox 727 2629 809 2658; x_wconf 81' lang='lat' dir='ltr'><strong><em>nat.</em></strong></span> 
     </span>
    </p>
   </div>
   <div class='ocr_carea' id='block_1_7' title="bbox 1716 1811 1720 2423">
    <p class='ocr_par' dir='ltr' id='par_1_11' title="bbox 1716 1811 1720 2423">
     <span class='ocr_line' id='line_1_38' title="bbox 1716 1811 1720 2423; baseline 0 0"><span class='ocrx_word' id='word_1_354' title='bbox 1716 1811 1720 2423; x_wconf 95' lang='lat' dir='ltr'><em> </em></span> 
     </span>
    </p>
   </div>
  </div>
 </body>
</html>
