1757 2979
268 151 322 192 ad
343 151 508 205 Quintil.
529 151 659 192 Insiit.
684 152 763 202 ,XL
787 159 826 193 2.
849 154 886 205 ξ.
907 156 1103 193 32—51.
1153 158 1190 193 3.
1209 157 1245 206 ξ.
1272 159 1358 193 1—
1374 160 1439 197 35.
1499 157 1581 198 435

237 266 272 317 ξ.
307 269 373 305 15.
434 263 665 319 simplicior.
716 264 784 306 Sic
817 264 908 305 Par.
943 269 980 304 1.
1012 270 1052 305 2.
1087 268 1124 303 6.
1219 269 1335 307 varia
1372 279 1440 309 est.
1475 286 1577 310 nam.

123 330 214 372 Par.
250 338 288 372 1.
322 339 360 372 2.
393 337 431 372 6.
464 347 545 372 om.
576 343 645 372 est.

235 404 272 452 §.
307 404 371 440 16.
433 402 579 453 capitis
609 402 739 440 etiam.
788 398 856 441 Sic
887 399 978 441 Par.
1016 406 1054 441 1.
1086 406 1127 440 2.
1160 405 1197 440 6.
1287 405 1469 456 egeritur.
1509 403 1577 444 Sic

123 466 210 507 Par.
232 473 271 508 2.
295 472 333 507 6.
380 466 577 520 egreditur
602 466 694 507 Par.
718 473 754 508 1.

237 539 272 586 §.
307 540 372 575 18.
434 545 600 574 constat.
641 535 731 575 Par.
755 541 793 575 1.
815 542 856 576 2.
882 545 1044 575 constet.
1129 538 1293 590 possint.
1335 535 1403 577 Sic
1424 536 1514 578 Par.
1539 542 1576 576 6.

120 613 276 656 possent
294 601 384 642 Par.
411 608 448 641 1.
474 607 513 642 2.

236 672 274 721 §.
306 675 374 710 21.
421 671 584 726 fluxus.
635 667 727 709 Par.
763 674 800 709 1.
831 675 872 711 2.
908 675 948 711 6.
975 672 1152 725 spiritus.
1237 670 1370 727 fatig.
1403 681 1457 711 ut.
1511 671 1577 712 Sic

121 737 211 778 Par.
238 743 275 778 1.
303 743 340 778 2.
361 741 398 776 6.

233 806 270 859 §.
302 811 368 845 22.
424 820 545 857 genus
567 815 635 844 cst.
671 803 740 845 Sic
769 804 862 845 Par.
885 810 925 845 2.
941 832 963 855 ,·
990 805 1061 844 sed
1081 804 1170 845 Par.
1192 810 1233 846 2.
1255 820 1334 845 sec.
1354 820 1411 846 m.
1431 808 1472 847 6.
1496 821 1577 848 om.

121 883 190 913 cst.
276 872 540 924 spatiandum.
580 871 672 911 Par.
701 877 738 911 1.
763 877 801 911 2.
824 876 861 911 6.
881 871 1124 925 spirandum.
1215 873 1391 914 condere.
1431 873 1522 914 Par.
1539 879 1577 915 1.

121 946 162 981 2.
185 944 221 979 6.
246 939 486 978 contendere.
545 938 636 978 Par.
666 943 708 979 2.
737 954 815 978 sec.
849 954 906 978 ln.
936 939 1156 980 concedere.
1404 944 1406 948 ’

234 1008 270 1058 §.
304 1008 371 1047 24.
430 1022 529 1061 quae
555 1005 760 1046 duratura.
810 1005 903 1046 Par.
938 1011 975 1047 1.
1005 1012 1047 1047 2.
1076 1011 1114 1047 6.
1148 1023 1263 1062 quam
1294 1007 1578 1051 desideratura.

120 1073 311 1130 [Quidni
331 1077 453 1127 igitur
473 1090 589 1128 quam
609 1072 810 1112 desertura
830 1076 881 1112 sit
894 1072 917 1114 Ξ)
955 1073 1054 1114 Vox
1075 1090 1140 1114 eas
1169 1076 1331 1115 delicias
1353 1078 1432 1115 cito
1454 1079 1579 1116 omis-

119 1158 210 1183 sura
236 1152 316 1193 est,
367 1144 438 1181 ubi
467 1142 518 1181 ad
550 1156 670 1180 usum
700 1143 806 1180 vitae
840 1143 968 1181 civilis
1000 1142 1299 1194 adhibebitur]
1387 1143 1579 1184 subsidat.

120 1210 190 1250 Sic
215 1209 307 1250 Par.
331 1216 368 1250 2.
393 1215 430 1250 6.
483 1208 679 1248 subsideat
708 1207 797 1249 Par.
820 1214 884 1306 Lo

235 1279 272 1328 §.
306 1283 369 1318 25.
429 1277 612 1316 ‹lic-emes.
663 1275 755 1316 Par.
789 1281 828 1316 1.
927 1281 964 1316 6.
927 1276 1167 1317 ficlicentis.
1205 1309 1207 1311 -
1256 1289 1400 1319 avocat
1420 1295 1459 1320 a.
1512 1278 1581 1321 Sic

119 1345 208 1386 Par.
234 1350 272 1386 6.
333 1344 532 1384 advocata
558 1344 649 1384 Par.
678 1349 713 1384 1.
759 1355 951 1384 avocatur
981 1343 1072 1385 Par.
1085 1351 1123 1385 2.
1144 1361 1223 1386 sec.
1243 1361 1300 1385 m.

236 1414 273 1464 §.
305 1417 374 1453 26.
422 1411 673 1468 fascemque.
714 1410 807 1451 Par.
824 1417 849 1452 2
855 1411 1100 1468 .fascesque.
1138 1413 1229 1454 Par.
1256 1418 1294 1454 1.
1325 1417 1362 1453 6.
1371 1412 1580 1470 facesque.

233 1483 270 1531 §.
305 1485 373 1521 27.
436 1479 582 1519 calido.
630 1478 699 1519 Sic
727 1478 814 1519 Par.
839 1484 877 1519 1.
897 1484 937 1520 2.
959 1483 1000 1519 6.

233 1551 270 1602 §.
303 1553 371 1589 28.
431 1550 526 1603 quia
545 1557 627 1586 nat.
666 1546 757 1586 Par.
785 1551 824 1586 1.
875 1551 948 1586 6.
971 1549 1105 1601 quin.
1203 1547 1318 1588 alias.
1368 1547 1456 1589 Par.
1479 1555 1517 1590 1.
1539 1556 1580 1590 2.

123 1621 162 1658 6.
199 1616 304 1657 aliis.
806 1634 809 1637 ’

234 1686 271 1735 §.
304 1689 368 1724 32.
426 1682 600 1737 Itemque
619 1681 832 1738 —fuerit.
876 1680 945 1721 Sic
967 1644 1055 1722 Par.
1078 1655 1116 1722 1.
1139 1686 1234 1723 2.6.
1318 1682 1435 1723 modo
1453 1685 1579 1725 retuli.

119 1751 189 1793 Sic
221 1751 312 1792 Par.
335 1756 377 1791 6.
418 1766 519 1790 nunc
548 1749 644 1789 dixi
670 1748 760 1790 Par.
783 1754 821 1790 1.
851 1755 892 1790 2.
970 1752 1159 1804 patietur.
1202 1748 1271 1800 Sic
1297 1750 1391 1791 Par.
1419 1757 1457 1792 1.
1482 1758 1522 1793 2.
1547 1758 1582 1794 6.

121 1821 265 1872 [Nihil
294 1820 343 1858 de
373 1818 496 1858 surda
510 1834 523 1859 :
563 1821 752 1858 convenit
776 1820 899 1871 igitur
923 1826 1096 1857 statuere
1117 1820 1160 1856 in
1181 1816 1325 1858 Pariss.
1347 1821 1468 1859 fuisse
1490 1821 1582 1859 sub—

121 1887 259 1926 surda.
319 1885 458 1937 Quam
482 1883 624 1926 ¹vocem
651 1902 723 1925 cur
748 1888 926 1924 mirabili
956 1887 1287 1938 interpretatione
1313 1896 1582 1942 contorquere

122 1970 246 2009 quam
274 1954 489 1993 emendare
517 1956 736 1992 maluerint
766 1956 839 1992 vix
865 1955 1072 2005 intefligo,
1110 1968 1215 1992 *cum
1245 1956 1290 1991 in
1317 1964 1512 2007 promptu·
1532 1958 1585 1994 sit

123 2022 310 2063 absurda.
368 2022 464 2062 Post
486 2031 626 2072 vasta,
670 2021 781 2075 quod
799 2018 939 2060 Burm.
960 2023 1106 2059 maluit
1117 2036 1134 2071 ,ι
1159 2021 1262 2059 mihi
1282 2023 1583 2076 quidemvlon'ge

125 2092 296 2130 deterius
319 2090 477 2129 videtur
491 2120 502 2140 ,
533 2104 659 2143 quam
684 2088 792 2142 quod
815 2088 926 2127 idem
948 2090 1142 2138 tentavit,
1174 2099 1286 2129 rava.
1347 2091 1456 2129 Nam
1478 2093 1584 2129 inter

122 2159 225 2199 haec
261 2160 478 2211 singularia
517 2160 617 2197 vitia
647 2158 820 2195 vastitas
844 2157 958 2195 ‘vocis
984 2171 1068 2195 non
1098 2155 1259 2195 videtur
1289 2159 1395 2196 bene
1426 2159 1583 2208 referri,

123 2242 258 2282 neque
287 2229 372 2279 ipsa
412 2225 695 2278 corrumpendi
729 2226 1004 2276 opportunitas
1030 2232 1144 2262 tanta
1174 2223 1405 2277 apparet]
1463 2241 1582 2264 vana.

126 2294 194 2336 Sic
219 2294 309 2335 Par.
335 2300 370 2334 1.
392 2300 432 2335 2.
456 2298 493 2332 6.
582 2294 620 2331 in
645 2302 812 2346 receptu.
853 2289 1042 2330 δίο-Ῥω.
1065 2296 1105 2331 2.
1136 2306 1215 2330 sec.
1241 2306 1298 2331 m.
1342 2294 1383 2331 in
1400 2303 1587 2347 perceptu

124 2362 213 2403 Par.
243 2368 279 2402 1.

239 2434 274 2483 §.
306 2434 374 2469 33.
434 2430 638 2482 imputare.
670 2424 737 2465 Sic
755 2424 847 2465 Par.
871 2432 910 2465 1.
933 2429 970 2465 6.
1005 2431 1045 2466 2.
1067 2441 1142 2466 sec.
1161 2441 1220 2466 m.
1251 2437 1479 2481 computare
1498 2426 1584 2468 Par.

127 2503 166 2538 2.
253 2497 378 2538 odios.
410 2495 533 2535 Nam.
573 2493 641 2534 Sic
663 2492 754 2532 Par.
779 2500 818 2534 2.
845 2497 908 2544 6.‚
948 2493 1019 2532 sed
1045 2492 1136 2533 I'ar.
1163 2498 1199 2534 1.
1230 2508 1312 2533 om.
1345 2505 1414 2534 cst.

242 2566 281 2616 §.
312 2569 379 2605 35.
439 2563 481 2603 iel
501 2573 580 2613 esi,
624 2563 750 2614 utqui
782 2559 873 2600 Par.
908 2565 946 2599 1.
980 2566 1021 2600 2.
1049 2565 1084 2599 6.
1115 2575 1196 2600 0111.
1227 2571 1282 2602 ut.
1372 2561 1478 2615 quorl
1515 2561 1584 2602 Gr.

128 2632 195 2673 Sic
215 2631 304 2673 Par.
325 2639 363 2673 1.
386 2639 424 2673 2.
446 2636 483 2671 6.
978 2649 980 2651 ·

970 2695 1042 2735 Ee
1072 2703 1097 2736 2
