1721 2974
125 105 518 159 aaQaznnz.1nstc1.
545 103 668 152 Vm,
692 108 730 145 6.
762 104 795 158 ᾗ.
820 107 1021 145 53-75,
1086 101 1225 151 1X,'1.
1256 108 1392 144 ι-ε,
1454 108 1532 145 389

184 223 219 273 §.
251 220 320 260 74.
379 219 484 260 hinc.
541 216 664 259 Amb.
712 222 750 257 1.
798 215 872 256 hic.
989 215 1094 255 haec·
1127 232 1199 256 res.
1266 215 1334 257 Sic
1374 217 1528 272 liquido

69 284 194 328 Amb.
220 292 258 328 1.
375 290 434 326 sin
465 285 594 327 aliter.
643 285 772 326 Amb.
799 292 836 327 1.
869 288 905 325 si
935 283 1065 325 aliter.

182 356 220 405 §.
250 359 320 396 75.
379 353 485 408 quod
513 370 552 395 α.
609 353 736 396 Amb.
766 360 805 395 1.
848 356 953 409 quia.
1072 350 1135 391 vel
1172 354 1267 392 min.
1329 351 1453 393 Amb.
1489 358 1525 392 1.

68 421 354 478 minuendique.

282 636 1310 664 ——-————---=———-—-——--——*-

619 827 802 872 L1B.
871 826 966 871 IX.

175 936 337 978 Titulus
366 939 408 977 in
437 935 560 977 Amb.
584 944 622 978 1.
655 938 722 978 M.
748 937 866 977 Fabii
889 934 1126 990 Quintiliani
1149 934 1412 976 Institutionis
1432 952 1527 977 ora-

59 1007 185 1045 toriae
207 1005 305 1046 liber
336 1004 452 1044 VIII
477 1005 592 1060 ια’ῥῖ.
617 1008 756 1060 incipit
786 1005 888 1045 liber
915 1003 1065 1044 VIIII.
1124 1003 1189 1043 De
1201 1006 1356 1059 figuris
1374 1016 1526 1043 senten-

58 1075 218 1115 tiarum.
278 1074 343 1113 De
358 1075 512 1130 figuris
541 1074 762 1114 verborum.
821 1073 886 1112 De
914 1073 1208 1127 compositione.

657 1196 821 1238 CAP.
889 1195 924 1237 Ῑ.

171 1275 255 1317 Tit.
288 1278 332 1315 in
359 1274 483 1317 Amb.
518 1281 559 1317 1.
594 1274 762 1328 QVOD
798 1273 1153 1317 DIFFERANT
1183 1272 1453 1315 FIGVRAE
1480 1275 1525 1314 A

66 1342 299 1385 TROPIS.

172 1416 211 1466 §.
241 1417 281 1453 1.
341 1411 426 1452 kas.
474 1408 599 1452 Amb.
629 1417 669 1451 1.
701 1427 748 1450 ea
772 1411 844 1450 sed
870 1425 964 1451 cum
992 1411 1158 1452 lineola.

169 1481 208 1532 ξ.
241 1484 283 1520 2.
335 1481 564 1535 figurarum
585 1481 709 1519 etiam
734 1476 864 1518 Aan.
889 1483 927 1519 1.
957 1476 1082 1518 Paris.
1103 1483 1144 1519 2.
1196 1479 1375 1532 figuram
1397 1478 1522 1519 Amb.

56 1553 98 1589 2.
146 1549 313 1602 figurae
340 1546 433 1588 Par.
468 1553 506 1588 1.
627 1544 672 1586 C.
700 1545 908 1585 Artorius.
964 1543 1092 1585 Amb.
1127 1549 1165 1585 1.
1198 1543 1321 1585 Gaius
1352 1548 1525 1586 aristar-

56 1614 176 1666 chus,
216 1616 286 1655 sed
318 1617 491 1654 alterum
523 1616 694 1654 verbum
720 1627 812 1653 cum
832 1615 985 1652 lineola
1006 1613 1216 1653 subducta.

169 1683 211 1733 §.
241 1687 281 1723 3.
340 1697 438 1721 eam.
486 1678 610 1721 Amb.
631 1686 668 1721 1.
700 1696 760 1721 ea.
874 1680 1069 1734 generali.
1125 1679 1251 1721 Amb.
1279 1686 1315 1722 1.
1342 1687 1380 1722 2.
1405 1698 1522 1735 gene—

57 1749 209 1790 raliter.
325 1766 352 1790 a
373 1759 494 1789 recta.
542 1748 670 1789 Amb,
693 1753 733 1789 1.
757 1747 806 1787 cle
828 1760 957 1799 recta,
1005 1747 1132 1789 Amb.
1156 1754 1197 1789 2.
1221 1765 1247 1788 α
1267 1748 1438 1790 derecta.

59 1828 136 1857 rat.
183 1815 305 1857 Amb.
328 1822 367 1857 1.
390 1815 676 1868 translatione,
707 1816 779 1856 sed
802 1818 847 1855 in
868 1831 995 1869 marg.
1017 1819 1142 1856 altera
1161 1831 1289 1857 manu
1310 1818 1374 1857 vel
1392 1819 1522 1871 signi-

44 1887 258 1941 ficatione.
373 1883 557 1923 dixerint
588 1887 689 1923 item
715 1882 843 1924 Amb.
865 1887 904 1924 1.
939 1883 1066 1925 Paris.
1089 1889 1130 1925 6.

169 1977 206 2028 §.
239 1974 282 2015 4.
340 1971 465 2015 Amb.
488 1978 528 2014 1.
560 1975 664 2013 sicut
683 1971 820 2014 Turic.
838 1974 910 2014 sed
928 1983 1134 2027 praeterea
1157 1965 1381 2016 translati‘l.

58 2044 252 2084 orationis
283 2051 448 2082 remota.
507 2039 601 2082 Non
627 2044 819 2095 leguntur
847 2041 949 2082 haec
980 2044 1102 2082 verba
1132 2044 1177 2081 in
1205 2041 1330 2084 Amb.
1363 2047 1417 2096 1.‚
1447 2059 1522 2084 nec

55 2119 173 2151 antea
196 2120 265 2150 est.

171 2178 210 2229 §.
242 2181 281 2220 5.
339 2176 481 2218 Verba
510 2193 674 2233 namque
700 2187 737 2216 et
755 2176 837 2218 reb.
861 2179 911 2232 fit
932 2187 968 2217 et
988 2177 1118 2217 verbis
1142 2178 1273 2231 Ονομ.
1304 2181 1450 2220 absunt
1470 2181 1520 2219 ab

54 2244 181 2288 Amb.
204 2250 244 2287 1.
302 2243 407 2285 Item
432 2247 469 2284 si
499 2246 609 2285 abest
639 2246 688 2285 ab
715 2245 872 2285 eodem.

167 2318 207 2368 §.
240 2318 279 2355 6.
335 2329 433 2369 pars
447 2323 504 2352 est
524 2315 731 2353 invenitur
750 2315 872 2353 efiam
884 2309 1067 2354 inAmb.
1084 2317 1120 2353 1.
1142 2313 1214 2354 sed
1235 2329 1330 2355 cum
1349 2317 1516 2356 lineola.

54 2379 168 2423 Tum
186 2382 298 2422 idem
322 2392 460 2436 tropos
473 2373 528 2419 'In
547 2381 774 2436 hyperbato.

168 2453 205 2503 §.
235 2454 278 2491 7.
338 2460 374 2488 et
402 2450 503 2489 scio.
556 2447 687 2488 Amb.
713 2453 752 2488 1.
777 2454 818 2489 2.
839 2447 937 2488 haec
960 2450 1057 2490 scio.

169 2521 207 2570 §.
238 2522 279 2559 8.
339 2516 530 2571 dicentur.
569 2513 695 2558 Amb.
720 2521 760 2557 1.
785 2515 994 2568 dicantur,
1026 2516 1109 2566 sed,
1130 2525 1174 2558 ut
1189 2516 1362 2569 videtur,
1383 2532 1406 2556 a
1428 2533 1517 2558 cor·-

57 2593 221 2626 rectore.
