1721 2974
235 190 289 232 (1ιῖ
320 189 484 244 Quintil.
514 188 644 231 Instit.
675 187 734 241 ῙῙ,
766 194 804 232 3.
836 190 869 243 ᾗ.
895 192 1061 228 1—11.
1114 189 1154 227 4.
1187 188 1220 241 ᾗ.
1246 191 1282 228 1.
1305 193 1344 228 2.
1459 193 1512 229 75

63 303 132 343 scd
161 304 262 344 hunc
291 307 418 345 omitt.
450 303 588 344 Turio.
618 302 733 344 Alm.
774 301 883 343 Flor.
914 299 1079 353 Campe,
1123 314 1222 339 mox
1251 301 1440 354 oportebit
1469 304 1515 342 in

63 384 240 426 oportere
267 381 425 412 mutant
453 370 591 411 Turio.
622 371 691 424 (in
722 386 800 426 quo
825 371 1001 410 deletum
1023 376 1082 408 est
1102 366 1208 421 esse)
1239 367 1348 409 Flor.
1374 367 1513 423 Camp.

65 437 216 492 Goth.3
268 441 441 494 denique
471 441 706 478 summittere
737 437 876 491 Camp,

179 521 212 573 ᾗ.
253 523 293 559 8.
363 517 502 571 Quid?
540 519 588 557 si.
661 517 802 575 Quid?
848 514 950 571 quocl
1001 513 1128 564 Obr.,
1177 528 1261 555 non
1306 515 1517 555 addicente

61 583 190 625 Amb.
215 591 253 626 1.
370 601 442 639 quo
471 587 570 640 quis.
631 601 703 639 quo
741 586 898 640 quisque
939 581 1062 625 Goth.
1107 597 1202 622 cum
1232 583 1322 622 edd.
1355 597 1376 621 a
1405 582 1515 623 Jens.

62 667 189 707 usque
228 653 279 692 ad
318 650 455 704 Gibs.‚
505 667 592 692 exc.
630 651 730 693 Ald.
799 650 1021 707 Receptam
1056 659 1223 691 tuentur
1263 648 1390 690 codd.
1432 653 1516 690 fere

63 735 218 762 omnes.

180 801 213 854 ξ.
245 804 284 840 9.
343 798 526 839 tinnulos.
586 796 770 837 tremulos
809 796 921 837 sich.
959 798 1004 837 in
1034 811 1160 850 marg.
1192 797 1306 836 affert
1335 813 1388 839 ex
1416 800 1519 838 libro

62 869 159 918 suo,
216 867 325 922 quod
363 875 422 905 est
459 868 503 905 in
544 863 681 907 Guelf.
807 865 900 905 alio.
968 864 1069 906 alios
1106 864 1215 906 Flor.
1288 865 1384 919 [De
1421 870 1519 907 vitio

64 937 286 975 cacozeliae
334 935 386 974 cf.
417 931 545 986 VHI,
589 939 636 986 3,
679 937 747 975 56.
798 932 972 986 Spald.]
1087 932 1202 987 lapsi.
1262 933 1359 973 lassi
1401 938 1527 979 etiam

63 999 191 1042 Amb.
212 1009 254 1044 2.
289 1001 415 1043 Paris,
445 1006 485 1043 5.
521 1000 662 1055 Camp.
695 1000 798 1043 Obr‘.
829 1003 919 1042 fort.
950 999 1077 1041 Amb.
1105 1006 1141 1041 1.
1203 999 1283 1054 [Et
1313 1001 1389 1042 hoc
1418 1004 1523 1042 mihi

65 1071 230 1124 quidem
266 1073 385 1110 unice
423 1073 568 1124 placet.
626 1068 767 1124 Neque
807 1072 916 1108 enim
954 1070 1113 1109 videtur
1154 1067 1433 1121 Quintilianus
1473 1072 1523 1110 de

67 1138 322 1179 deverticulis
351 1138 618 1191 hospitiorum
647 1153 713 1177 eos
744 1140 816 1192 qui
839 1139 915 1175 iter
945 1139 1138 1176 conficere
1168 1140 1332 1190 cupiant
1357 1154 1525 1178 moran-

64 1207 172 1244 tibus
204 1207 356 1258 dicere,
400 1206 470 1245 sed
500 1205 685 1245 homines
717 1207 965 1257 intelligere,
1011 1207 1102 1258 qui,
1135 1220 1228 1244 cum
1256 1215 1417 1258 propter
1445 1209 1526 1246 las-

65 1274 286 1312 situdinem
317 1274 555 1326 compendia
584 1276 673 1313 viae
704 1282 918 1327 quaerant,
952 1288 974 1311 a
1002 1281 1110 1311 recto
1141 1275 1285 1312 itinere
1306 1276 1524 1327 aberrant]

152 1340 243 1380 Erit
274 1357 380 1393 ergo.
442 1340 552 1393 Ergo
585 1358 637 1379 er.
679 1340 790 1381 Flor.
908 1340 1114 1379 obscurior
1145 1343 1276 1381 etiam.
1336 1352 1383 1381 ct.
1416 1342 1522 1384 obse.

65 1406 206 1448 Turic.
238 1406 363 1449 Goth.
396 1406 532 1448 Guelf.
563 1407 673 1448 Jens.
708 1417 747 1448 et
776 1416 942 1462 posterr.
974 1415 1066 1455 aute
1098 1404 1282 1462 Gryph.‚
1315 1424 1396 1450 acc.
1419 1409 1522 1451 Obr.

65 1477 159 1517 fort.
190 1475 315 1517 Amb.
341 1481 376 1516 1.
437 1478 555 1515 ctiam
585 1478 713 1516 omitt.
747 1474 888 1530 Camp.
1337 1478 1340 1480 ’

181 1557 215 1610 ᾗ.
250 1562 316 1597 11.
375 1574 421 1596 ca
451 1572 573 1596 causa
601 1554 664 1594 vel
689 1571 807 1596 max.
868 1572 913 1594 ea
944 1556 1066 1608 igitur
1104 1571 1227 1595 causa
1257 1572 1372 1609 quam
1401 1573 1438 1597 v.
1472 1575 1524 1599 m.

65 1623 207 1665 Turio.
237 1624 347 1665 Flor.
377 1624 520 1675 Anu„
569 1624 678 1662 unde
723 1621 864 1676 Camp,
898 1624 1031 1662 effecit
1060 1640 1106 1662 ea
1134 1625 1267 1676 agitur
1299 1641 1333 1664 c.
1362 1642 1459 1679 quac
1487 1643 1525 1668 v.

65 1709 117 1733 m.
220 1696 339 1734 ctiam
353 1692 551 1748 probabit.
606 1691 723 1747 prob.
743 1702 791 1731 et.
815 1690 917 1734 Obr.
931 1723 942 1743 ,
973 1706 1060 1731 11011
1081 1693 1320 1746 astipulante
1340 1691 1465 1733 Amb.
1488 1700 1525 1736 1.

580 1826 808 1872 .CA1’.
862 1825 950 1868 IV.

182 1919 216 1972 ᾗ.
246 1923 286 1958 1.
345 1921 386 1958 in
415 1917 602 1958 docendo.
661 1916 873 1958 inducendi
910 1916 1036 1957 Amb.
1069 1923 1106 1958 1.
1140 1933 1163 1958 a
1185 1934 1263 1958 sec.
1295 1934 1351 1959 m.
1468 1923 1528 1962 At

67 1985 179 2025 mihi.
239 1985 298 2025 At
337 1985 460 2026 I‘aris.
494 1991 531 2025 1.
562 1992 602 2026 2.
635 1992 675 2026 5.
734 1985 802 2025 Ac
829 1985 956 2025 Paris.
982 1992 1020 2027 3.
1053 1985 1192 2040 Camp.
1227 1986 1387 2042 (Pott.)
1417 1988 1526 2030 Flor.

68 2051 208 2093 Turio.
239 2052 366 2093 Aan.
392 2059 429 2092 1.
453 2058 493 2093 2.
527 2055 708 2103 silentur,
748 2054 858 2092 unde
887 2056 952 2104 fit,
1004 2063 1050 2093 ut
1078 2054 1146 2093 Ac
1177 2055 1270 2093 dare
1299 2056 1527 2099 videantur.

70 2119 229 2175 [Quod
257 2130 296 2160 et
325 2134 467 2161 verum
498 2129 579 2169 est,
619 2136 751 2174 neque
780 2124 890 2159 enim
919 2125 1114 2174 oppositio
1144 2125 1248 2160 inest
1278 2137 1372 2161 omn
1397 2140 1529 2164 enun-

66 2192 235 2228 tiatione
279 2204 349 2239 ea,
397 2203 500 2242 quae
539 2190 721 2240 proxime
762 2191 874 2241 quasi
913 2203 985 2240 per
1026 2188 1274 2243 παρένθεσιν
1305 2194 1526 2234 antecedit:

69 2266 111 2297 et
138 2259 183 2296 fit
211 2272 254 2296 re
283 2271 378 2296 vera
408 2257 561 2308 duplex
588 2257 802 2305 transitus,
846 2255 944 2293 dum
973 2259 1149 2307 prilmun
1179 2258 1276 2296 dicit
1303 2258 1372 2309 id,
1417 2264 1527 2312 cujus

69 2327 202 2365 simile
244 2325 400 2379 aliquid
429 2324 538 2378 apud
566 2324 844 2376 grammaticos
874 2324 1014 2372 fiebat,
1065 2334 1105 2364 et
1133 2340 1186 2364 ex
1215 2325 1293 2364 hoc
1318 2325 1529 2370 historiam

72 2392 255 2446 deligit.]

184 2472 222 2522 §.
255 2477 294 2512 2.
355 2473 589 2525 accepimus.
646 2467 709 2510 Ita
743 2467 867 2510 Gesn.
901 2471 1027 2510 edidit
1056 2486 1078 2509 e
1105 2469 1216 2511 Jens.
1248 2480 1287 2512 et
1313 2476 1402 2514 rell.
1435 2477 1527 2518 edd.

72 2547 166 2578 ante
207 2537 370 2590 Colin.,
420 2541 564 2593 quibus
605 2539 759 2578 accedit
807 2537 933 2578 Amb.
969 2544 1006 2578 1.
1047 2538 1172 2579 Paris.
1204 2543 1242 2581 5.
1313 2544 1528 2595 acc-ipimus

34 2636 38 2639 -
74 2605 198 2648 Goth.
231 2604 368 2647 Guelf.
400 2604 537 2646 Turio.
569 2605 692 2646 Paris.
717 2611 753 2646 1.
774 2612 813 2646 2.
838 2611 877 2647 6.
908 2615 949 2646 et
979 2607 1070 2645 edd.
1101 2622 1202 2647 rece.
1265 2605 1359 2660 [Cf.
1387 2608 1526 2662 Spald.

73 2677 115 2713 in
145 2675 309 2729 praefat.
345 2673 442 2716 Vol.
474 2672 494 2714 I
522 2690 561 2729 p.
581 2671 844 2726 LXXXH.]
964 2685 1162 2716 remotam.
1224 2685 1371 2717 remota
1408 2680 1530 2719 etiam
