1721 2974
129 107 211 147 344
572 109 850 164 Supplemenia
885 113 1158 149 annotationis

131 218 365 273 adscripsit)
394 236 487 261 cum
509 219 544 262 F
545 224 619 262 lor.
679 219 823 274 [Idem
851 216 1005 260 Censor
1034 224 1179 262 maluit
1204 239 1280 262 non
1307 223 1404 264 adeo
1430 228 1586 280 infinita

130 285 289 340 (intell.
313 288 429 342 sunt)
459 299 494 327 et
517 289 636 344 plane
656 287 916 339 necessaria]
1000 286 1082 327 His
1108 288 1263 344 adjicit.
1310 289 1449 332 Turio.
1480 309 1503 333 a
1521 310 1583 348 pr.

129 367 186 393 m.
210 355 244 393 is
262 353 399 396 adicit.
443 355 552 397 Jens.
579 355 700 395 Tarv.
722 354 782 394 his
802 353 978 395 adducit.
1074 359 1352 399 severissimae.
1392 357 1522 400 Amb.
1545 366 1583 401 1.

131 418 271 462 Turio.
309 425 558 463 severissime.
675 423 881 476 eleganter.
939 422 1047 465 Flor.
1086 424 1299 478 elegantur.
1413 430 1587 483 proprio.

133 486 276 544 Camp.
305 492 524 545 proprium.

245 590 283 643 §.
318 596 412 631 103.
473 592 582 630 civit.
606 602 642 630 et
659 608 760 633 sero.
810 591 878 634 Sic
898 595 1021 634 etiam
1041 591 1152 634 Flor.
1175 592 1268 635 Par.
1290 599 1329 635 1.
1352 601 1389 636 2.
1476 595 1589 635 intel-

133 656 219 711 ligi.
257 656 393 698 Guelf.
414 657 600 712 intellegi.
687 660 997 715 appellationem.
1034 660 1160 702 Amb.
1176 666 1213 702 1.
1235 661 1503 717 appellatione.

131 723 314 765 Romam.
361 723 485 766 Amb.
509 731 546 766 1.
571 725 605 767 F
606 730 680 768 lor.
702 731 824 768 etiam
847 745 972 769 roma.

247 826 283 878 §.
319 828 412 867 104.
473 828 546 883 (ff.
572 845 688 869 max.
736 828 861 870 Amb.
885 835 922 870 1.
949 833 1068 870 inser.
1092 832 1224 871 animi.
1309 829 1375 870 vel
1396 830 1589 871 lacessen-

134 891 239 932 dum.
292 892 432 947 Camp.
455 895 519 935 vel
536 895 590 935 acl
609 896 890 938 lacescendum.
941 897 975 938 F
976 902 1050 938 lor.
1071 897 1136 937 vel
1154 897 1437 938 lacessanclum.
1526 915 1588 938 ac.

132 958 261 1001 Amb.
287 966 325 1000 1.
356 961 493 1002 Turio.
517 979 540 1003 a
561 980 621 1017 pr.
645 980 701 1004 m.
732 964 839 1006 Flor.
860 983 898 1006 α.
951 965 1078 1006 Amb.
1104 971 1142 1006 1.
1179 982 1202 1006 a
1231 982 1307 1006 sec.
1336 981 1391 1006 m.
1422 976 1502 1005 aut.
1538 964 1541 965 ⁷

133 1043 277 1067 omnes.
316 1027 443 1068 Amb.
470 1035 507 1070 1.
533 1029 669 1072 Guelf.
698 1031 819 1073 Goth.
844 1031 984 1085 Camp.
1009 1036 1145 1073 omnis.
1232 1036 1269 1073 si
1288 1057 1345 1064 —
1365 1032 1480 1087 quod.
1522 1032 1589 1073 Sic

132 1091 257 1134 Amb.
281 1101 317 1135 1.
337 1099 436 1135 sicut
461 1099 539 1136 ista
558 1115 589 1138 r.
613 1116 643 1139 e.
660 1117 701 1154 p.
728 1117 766 1154 q.
790 1103 912 1139 etiam
931 1099 1041 1140 Flor.
1139 1100 1245 1155 quod
1267 1103 1306 1139 in
1326 1111 1402 1139 utr.
1445 1098 1587 1153 Camp.

136 1164 285 1202 omittit
316 1166 370 1202 in.
497 1165 733 1220 eloquentiae
765 1177 834 1206 cst.
901 1167 935 1208 F
938 1171 1010 1207 lor.
1057 1166 1247 1222 eloquenti
1276 1183 1367 1207 esse.
1498 1167 1589 1208 Cur.

136 1226 272 1270 Guelf.
300 1246 399 1271 cum.
498 1250 578 1272 esse
598 1251 697 1275 eam.
746 1234 814 1275 Sic
834 1238 954 1274 etiam
977 1234 1085 1274 Flor.
1184 1234 1352 1289 quidem.
1397 1234 1523 1276 Amb.
1552 1241 1588 1276 1.

134 1293 170 1336 F
170 1299 243 1336 lor.
269 1298 432 1338 cuidem.
484 1299 622 1342 Turic.
646 1318 667 1342 a
686 1318 745 1356 pr.
764 1318 820 1342 m.
848 1302 1019 1343 cuidam.

251 1399 288 1450 §.
324 1405 417 1441 105.
478 1400 538 1440 At
559 1419 685 1456 quam.
735 1400 859 1443 Amb.
884 1409 920 1443 1.
942 1403 1052 1444 Flor.
1077 1403 1130 1442 acl
1148 1420 1266 1459 quem.
1360 1406 1433 1443 ita.
1480 1402 1590 1446 Flor.

135 1467 295 1508 omittit.
406 1467 519 1508 homo
543 1472 630 1511 erit.
679 1469 806 1511 Amb.
833 1476 869 1511 1.
900 1471 1038 1511 Turio.
1072 1486 1095 1510 a
1116 1487 1175 1524 pr.
1198 1486 1254 1511 m.
1284 1469 1318 1511 F
1319 1473 1393 1511 lor.
1411 1473 1594 1514 inserunt

136 1535 194 1573 in.
307 1546 343 1574 et
373 1538 450 1590 qui.
512 1535 650 1578 Turio.
688 1554 711 1578 a
739 1555 798 1593 pr.
830 1554 886 1579 m.
919 1537 1055 1579 Guelf.
1089 1549 1123 1576 et
1155 1537 1272 1594 quod.
1389 1534 1591 1580 conviviis.

139 1597 280 1655 Camp.
302 1606 578 1658 conviviisque.
666 1605 778 1646 dicit.
822 1604 945 1646 Goth.
968 1606 1082 1646 dicet.
1169 1608 1396 1660 quicunque.
1438 1605 1592 1648 Cervic.

135 1681 298 1724 quoque
320 1687 577 1726 quaecunque.

250 1771 286 1820 §.
321 1773 414 1810 106.
478 1771 585 1824 Quas
603 1775 652 1813 si.
705 1774 814 1814 Jens.
839 1773 961 1814 Tarv.
985 1788 1063 1827 qua
1079 1775 1128 1812 si.
1228 1775 1440 1825 finitiones,
1485 1773 1592 1816 Flor.

124 1834 338 1887 finitionis.
427 1839 583 1879 urbane.
633 1840 759 1881 Amb.
787 1847 822 1881 1.
847 1842 1009 1880 urbana.
1097 1843 1277 1894 accipiet.
1327 1839 1464 1881 Turio.
1489 1857 1511 1881 a
1532 1858 1591 1896 pr.

136 1915 192 1941 m.
215 1901 249 1941 F
250 1906 324 1944 lor.
346 1909 532 1960 accipiat.
620 1907 806 1948 Ceterum.
860 1908 986 1948 Amb.
1009 1914 1042 1948 1.
1061 1906 1198 1948 Turio.
1217 1905 1250 1946 F
1252 1909 1328 1947 lor.
1350 1918 1506 1949 eterum.

137 1971 207 2022 qui
223 1970 309 2011 hoc.
363 1971 502 2027 Camp.
529 1978 595 2029 qni
622 1976 728 2016 haec.

248 2072 285 2123 §.
317 2078 410 2114 107.
470 2091 565 2115 meo.
614 2074 749 2115 Turio.
774 2075 881 2115 Flor.
906 2092 963 2115 eo.
1063 2092 1182 2131 neque
1200 2091 1325 2115 sensu.
1377 2072 1500 2115 Goth.
1524 2092 1592 2114 nec

135 2153 169 2177 s.
282 2152 453 2193 gestuve.
511 2138 636 2182 Amb.
664 2148 700 2182 1.
732 2141 840 2183 Flor.
873 2146 996 2182 etiam
1027 2154 1224 2198 gestuque.
1341 2140 1589 2194 ἀττικισμὺς.

134 2204 260 2246 Alnb.
279 2213 315 2247 1.
338 2211 568 2250 atticismos.
610 2209 718 2249 Flor.
741 2214 864 2249 etiam
885 2213 1022 2250 atticis
1043 2227 1141 2251 mos,
1249 2209 1435 2249 redolens.
1466 2207 1588 2250 Amb.

140 2276 177 2313 1.
209 2273 319 2315 Flor.
350 2275 440 2316 Par.
464 2282 501 2317 1.
525 2283 565 2317 2.
598 2280 719 2317 etiam
746 2277 921 2318 reddens.

247 2379 286 2428 ᾗ.
318 2381 410 2418 108.
470 2377 610 2417 Marsi
629 2379 730 2418 hom.
772 2376 906 2428 Guelf.
928 2380 965 2419 Ιι.
990 2379 1057 2419 M.
1145 2378 1409 2418 eruditissimi.
1453 2378 1589 2419 Turio.

136 2441 426 2485 eruditissimis.
526 2448 710 2499 partitur.
761 2445 899 2487 Turio.
926 2462 950 2485 a
968 2463 1028 2500 ΡΥ.
1049 2463 1104 2488 m.
1123 2450 1289 2502 patitur.
1405 2447 1509 2501 quod
1535 2471 1592 2478 —-

137 2506 231 2560 Lig.
278 2509 403 2552 Amb.
438 2518 476 2552 1.
513 2516 663 2553 omittit
687 2512 791 2568 quod
824 2525 891 2554 est.
949 2513 1058 2555 Flor.
1097 2531 1246 2570 quoque
1275 2513 1370 2566 Lig.
1428 2514 1517 2555 Par·
1551 2519 1589 2554 1.

137 2575 244 2627 quod
258 2593 331 2630 pro
354 2578 446 2633 Lig.
557 2583 735 2633 injur-llas.
792 2580 929 2622 Turic-
952 2597 974 2621 a
991 2598 1050 2637 pr.
1075 2598 1131 2623 m.
1154 2583 1194 2621 in
1214 2583 1363 2621 varias.
