1721 2974
170 215 247 252 122
602 208 871 264 SupJ›7emen!c1
900 209 1164 249 annotationis

162 322 284 363 Paris,
309 327 344 362 1.
367 327 406 362 2.
429 329 490 374 5.;
541 331 753 376 utrumque
782 334 1003 374 pronomen
1033 330 1092 361 est
1119 324 1161 360 in
1190 319 1324 362 Tru-ic.
1356 338 1379 363 a
1407 339 1483 366 sec.
1510 341 1590 377 ιιι,

163 399 203 429 et
224 393 303 441 jam
332 393 370 428 in
403 391 491 429 edd.
523 389 633 429 Sich.
666 390 824 439 Colin.;
867 385 1007 442 Camp.
1037 391 1094 430 ita
1117 393 1317 432 connectit
1337 391 1416 431 duo
1436 396 1589 446 capita:

165 456 313 498 Cicero.
371 457 451 496 Sed
476 473 618 511 genera
645 470 850 496 causarum
880 457 972 495 tria.

717 600 754 642 C
784 614 813 642 A
844 617 882 643 ι».
940 599 1028 644 IV.

270 702 547 756 Inscripfiones
593 709 687 741 sunt
723 701 825 742 hae:
888 701 996 756 Quae
1027 719 1171 757 genera
1209 719 1413 744 causarum
1452 702 1589 747 Turio.>

159 772 265 812 Flor.
303 770 428 811 Amb.
462 774 498 808 1.
532 773 572 808 2.
614 766 748 808 Guelf.
786 768 907 809 Bern.
948 770 1057 812 Jens.
1097 770 1217 812 Tarv.
1257 769 1358 812 Ald.
1420 771 1529 824 Quae
1554 783 1592 811 et

159 851 252 894 quot
291 841 365 878 sint
401 851 542 889 genera
579 851 784 875 causarum
823 835 945 877 Goth.
1018 838 1120 890 Quot
1162 855 1305 892 genera
1343 855 1449 880 caus,
1487 838 1589 880 Loc.

155 909 265 949 ’νειμ
328 906 429 943 Tria
458 919 537 941 csse
561 919 705 956 genera
733 919 936 944 causarum
964 905 1067 946 Bad.
1099 915 1137 946 et
1164 915 1262 960 post.
1295 921 1458 959 omnes,
1499 922 1587 948 exo.

157 975 259 1016 Obr.
291 971 410 1013 Gesn.
1340 1019 1343 1022 Ι

269 1043 304 1091 §.
338 1046 375 1079 1.
436 1037 706 1079 concionalcm.
765 1039 1020 1078 continualcm
1047 1039 1182 1080 Turio.
1213 1055 1236 1079 a
1264 1057 1323 1094 pr.
1354 1056 1407 1081 m.
1437 1040 1544 1082 Flor.
1565 1057 1592 1082 a

155 1126 215 1163 pr.
246 1123 302 1148 m.
330 1106 457 1146 Amb.
479 1112 519 1145 2.
550 1103 673 1146 Bern.
729 1106 980 1157 continalem,
1019 1108 1128 1161 quod
1155 1108 1276 1148 habet
1301 1106 1422 1149 Tarv.
1441 1139 1454 1160 ,
1491 1110 1589 1149 inde

134 1177 309 1217 *videtur
340 1176 512 1214 fluxisse.

266 1247 302 1296 §.
333 1247 373 1283 2.
434 1257 517 1283 cum
548 1240 654 1293 apud
686 1240 755 1282 Gr.
813 1251 893 1280 ium
924 1257 986 1296 ap.
1022 1239 1092 1281 Gr.
1122 1238 1257 1282 Guelf'.
1289 1256 1382 1281 cum
1409 1241 1518 1285 Jens.
1549 1251 1590 1284 et

154 1320 256 1365 post.
277 1318 367 1350 ante
389 1307 537 1360 Calin„
568 1324 653 1350 exc.
676 1308 796 1349 Tarv.
818 1306 913 1349 Ald.
1008 1310 1186 1348 maximo
1206 1319 1430 1362 temporum.
1452 1307 1588 1350 Guelf.

154 1380 330 1419 maxime
357 1387 526 1431 tempore
554 1391 647 1416 cum
675 1375 813 1428 Sich.;
857 1377 927 1416 sed
954 1376 1045 1427 hic,
1091 1385 1137 1416 ut
1162 1391 1297 1417 sensus
1325 1379 1478 1429 integer
1504 1380 1588 1429 fiat,

158 1448 320 1498 corrigit
348 1454 549 1484 auctorum
586 1458 657 1497 pro
694 1453 863 1483 auctore,
924 1442 1039 1496 [Sed
1066 1452 1178 1483 notes
1212 1446 1333 1484 velim
1371 1446 1591 1485 ablativum

150 1517 236 1553 sine
281 1514 570 1566 praepositione
617 1513 791 1563 positum
839 1526 932 1550 cum
978 1514 1098 1550 verbo
1137 1514 1305 1564 passivo.
1374 1510 1493 1562 Cujus
1530 1514 1590 1550 rei

149 1580 343 1622 Ruddim.
374 1583 418 1617 in
446 1576 764 1617 Institutionibus
793 1592 959 1630 gramm.
987 1577 1080 1618 Lat.
1111 1577 1161 1618 T.
1193 1576 1233 1617 H
1261 1592 1352 1631 pag.
1381 1583 1464 1618 212
1493 1578 1587 1618 edit.

148 1647 261 1701 Lips.
303 1649 381 1686 duo
419 1654 576 1685 tantum
616 1647 800 1698 exempla
838 1660 889 1684 ex
927 1648 1107 1698 prosariis
1146 1648 1398 1698 scriptoribus
1435 1646 1585 1685 laudat.

149 1715 267 1758 Adde
299 1714 488 1756 Curtium
524 1715 612 1752 libr.
643 1710 719 1762 VI,
746 1717 798 1752 26
830 1716 1035 1765 opperiens
1077 1715 1253 1766 aliquem
1287 1715 1506 1752 amicorum
1535 1726 1587 1752 ex

149 1787 276 1838 prima
308 1782 493 1830 cohorte,
545 1795 619 1833 quo
657 1780 972 1819 introduceretur
1009 1780 1060 1818 ad
1097 1793 1244 1832 regem.
1312 1779 1378 1819 Cf.
1422 1778 1583 1820 Caesar.

151 1855 200 1892 de
237 1853 331 1892 bell.
372 1847 478 1889 Gall.
514 1851 559 1896 1,
590 1851 614 1886 8
656 1860 701 1885 ea
737 1849 893 1898 legione
931 1849 1204 1900 militibusque
1232 1870 1287 1877 —
1314 1848 1458 1885 fossam
1494 1862 1588 1899 per-

152 1922 276 1960 ducit.
334 1915 440 1958 Nam
475 1916 638 1968 pluralis
674 1917 831 1953 numeri
862 1916 1052 1967 exemplis
1082 1928 1190 1952 nunc
1221 1914 1386 1968 quidem
1415 1916 1474 1953 uti
1502 1929 1587 1953 non

150 1983 404 2042 possumus.]
535 1980 602 2020 sed
649 1983 764 2019 etiam
808 1997 940 2035 paene.
1017 1983 1133 2019 eiiam
1171 1995 1251 2020 om.
1296 1979 1432 2020 Turio.
1476 1979 1584 2020 Flor.

151 2053 285 2096 Guelf.
325 2049 446 2092 Amb.
475 2055 515 2090 2.
553 2047 689 2102 Camp.
721 2047 832 2088 Sich.
865 2047 964 2089 Obr.
997 2050 1086 2088 fort.
1116 2046 1238 2088 Amb.
1265 2053 1303 2088 1.

265 2132 302 2182 §.
337 2135 375 2169 3.
433 2127 658 2168 videbimur.
706 2126 880 2166 videmur
907 2126 1016 2167 Jens.
1045 2124 1145 2166 Loc.
1176 2126 1284 2166 Ven.
1314 2124 1417 2166 Bad.
1449 2124 1584 2176 Cerv„

149 2200 238 2241 cod.
282 2200 432 2237 nullus.
560 2212 646 2236 cum
681 2196 888 2249 querimur.
955 2195 992 2232 si
1030 2197 1301 2248 conquerimur
1345 2191 1478 2233 Guelf.
1547 2196 1587 2231 si

149 2285 256 2323 quer.
287 2265 398 2306 Sich.
514 2261 760 2303 consolamur
797 2277 877 2301 om.
911 2260 1050 2314 Camp.
1166 2271 1202 2299 et
1232 2260 1408 2315 plurima
1437 2258 1490 2299 al.
1550 2270 1585 2298 et

149 2350 229 2374 om.
261 2337 382 2373 etiam
410 2330 515 2371 Flor.
550 2330 690 2384 Camp.
719 2328 839 2369 Amb.
863 2335 903 2369 2.
955 2328 1073 2382 plura
1099 2326 1219 2368 Goth.
1251 2326 1368 2367 Voss.
1387 2333 1427 2367 2.
1458 2326 1582 2367 Paris.

155 2406 193 2441 1,
213 2407 251 2441 2.
281 2414 373 2440 cum
401 2398 511 2439 Jens.
549 2408 588 2438 et
616 2407 780 2452 posterr.
823 2405 916 2436 ante
941 2395 1076 2446 Sich.,
1117 2410 1203 2435 exc.
1233 2391 1328 2434 Ald.

260 2471 296 2519 ξ.
329 2468 368 2506 4.
426 2468 468 2505 ἰη
497 2466 570 2506 his.
628 2468 670 2504 in
698 2467 747 2505 iis
778 2462 899 2505 Goth.
959 2466 1000 2503 in
1028 2465 1063 2502 is
1091 2461 1226 2502 Turio.

260 2548 295 2596 §.
330 2549 368 2585 5.
429 2544 536 2585 laud.
572 2560 620 2584 ac
646 2545 768 2598 vitup.
826 2541 932 2582 land.
966 2551 1002 2580 et
1030 2544 1098 2580 vit.
1131 2538 1253 2580 Goth.
1285 2555 1377 2579 cum
1404 2539 1512 2595 Jens.⁴
1543 2548 1584 2580 et

149 2619 249 2665 post.
282 2619 372 2650 ante
404 2609 558 2665 Gryph.
676 2626 781 2651 cons.
813 2626 860 2649 ac
883 2608 968 2663 jud.
1016 2607 1100 2662 jud.
1126 2623 1174 2647 ae
1199 2624 1304 2648 cons,
1339 2607 1479 2661 Camp.

151 2694 299 2732 operae.
360 2693 471 2731 opere
506 2676 626 2719 Amb.
660 2683 697 2718 1.
727 2683 769 2719 2.
811 2677 917 2718 Jens.
1041 2674 1407 2730 comprehenderint.
1476 2689 1582 2714 com-
