1721 2974
344 131 399 174 αιῖ
430 130 595 188 Quintil.
629 130 759 174 Instit.
795 130 876 185 Vl,
906 131 948 174 4.
992 131 1260 183 §.10-19,
1449 137 1530 178 349

76 257 169 289 tum.
225 246 352 290 Amb.
377 253 416 289 1.
446 258 515 288 aut
544 258 699 289 tentum.
816 257 896 287 tum
922 245 1019 306 fac.
1052 262 1153 287 cum.
1213 246 1325 288 Sich.
1357 249 1449 306 tf
1475 262 1531 290 ese

75 330 110 354 c.
227 331 314 355 cum
344 325 413 356 est.
473 313 598 355 Amb.
623 321 660 355 1.
691 313 802 356 Flor.
834 331 866 356 e.
892 330 926 354 c.
1043 331 1144 369 resp.
1174 332 1264 356 non.
1326 314 1468 372 Camp.
1491 335 1529 359 n.

76 398 109 423 r.
223 394 416 438 potuerat.
472 381 507 423 F
509 385 582 422 lor.
613 381 705 423 Par.
732 388 768 423 1.
791 388 832 425 2.
867 384 989 423 etiam
1012 385 1200 438 potuerit.

186 485 223 537 §.
255 487 322 526 15.
368 459 480 542 fire.
537 482 660 523 Amb.
697 488 735 524 1.
766 481 877 525 Flor.
907 483 999 525 Par.
1023 490 1061 525 1.
1083 490 1123 526 2.
1156 492 1196 525 et
1224 487 1299 539 ipsi
1316 484 1446 543 facti.

71 550 249 592 molesta.
306 550 416 592 Flor.
444 552 640 593 molestia.
754 569 946 606 pugnare.
1006 551 1117 594 Flor.
1149 556 1271 593 etiam
1296 571 1446 609 pugna.

72 622 116 658 in
145 622 213 661 iis.
285 618 422 661 Guelf.
453 618 576 661 Goth.
612 618 754 673 Camp.
787 629 826 659 et
855 620 947 661 edd.
987 630 1080 661 aute
1118 618 1243 670 Ald.‚
1293 638 1388 662 cum
1415 621 1529 664 Sich.

71 689 114 726 in
141 687 218 729 his,

185 766 359 820 [Factus
388 781 435 806 ea
465 768 779 820 siguificatifflle,
810 774 857 806 ut
885 767 937 806 sit
962 775 1108 808 natura
1139 777 1416 822 comparatus,
1446 784 1529 809 nou

67 835 191 874 modo
214 849 238 874 a
265 833 487 874 Latinitate
516 849 602 874 non
632 834 870 886 abhorrere,
906 835 977 875 sed
1005 850 1058 874 ne
1089 851 1225 875 rarum
1245 838 1413 892 quidem
1434 853 1532 888 esse,

67 906 152 956 ipse
190 901 450 956 Spaldingius
488 912 625 956 postea
664 905 880 943 intellexit.
949 901 1179 957 Adscripsit
1226 905 1278 943 ad
1324 908 1532 959 exemplar

66 985 186 1010 suum
212 973 321 1010 locos
349 969 482 1011 Tacit.
511 968 625 1011 Anu.
656 968 781 1020 XIV,
813 975 866 1011 56
898 969 1094 1027 factus
1133 982 1170 1010 et
1195 983 1341 1011 natura
1369 983 1406 1011 et
1436 990 1532 1013 con-

65 1037 269 1077 suetudine
297 1042 524 1090 exercitus,
574 1047 614 1078 et
646 1036 729 1078 Cic.
759 1040 804 1077 in
829 1037 950 1079 Verr.
994 1042 1066 1080 lib.
1099 1040 1126 1079 4
1164 1055 1205 1094 p.
1237 1037 1386 1081 Lamb.
1421 1045 1530 1083 1290

64 1109 154 1147 init.
189 1104 274 1160 (est
293 1121 379 1160 cap.
400 1105 481 1161 57)
512 1111 584 1161 qui
602 1110 662 1146 ita
684 1117 820 1155 natus,
852 1109 912 1145 ita
931 1105 1118 1147 educatus
1141 1118 1221 1158 est,
1262 1110 1323 1146 iia
1336 1106 1531 1165 factus

65 1184 103 1213 et
141 1177 273 1213 animo
312 1184 349 1212 et
388 1191 552 1230 corpore
589 1183 666 1215 cet.
723 1173 846 1214 Adde
886 1173 969 1216 Cic.
999 1173 1116 1216 Brut.
1157 1192 1193 1217 c.
1225 1180 1279 1216 80
1316 1179 1401 1215 sive
1426 1177 1531 1231 quod

65 1253 209 1282 natura
237 1258 313 1281 non
341 1245 403 1282 ita
435 1254 532 1282 esset
556 1242 778 1299 factus,
827 1245 912 1281 sive
950 1243 1057 1298 quod
1095 1260 1171 1284 non
1201 1257 1420 1285 consuesset
1450 1256 1526 1288 cet.

63 1309 222 1350 Verum
252 1311 304 1349 ad
333 1310 444 1350 hunc
474 1314 611 1350 locum
639 1309 740 1349 haec
777 1312 1016 1363 significatio
1048 1327 1139 1351 eam
1168 1315 1218 1352 ob
1251 1329 1414 1354 causam
1441 1330 1526 1356 non

62 1381 261 1432 pertinet,
313 1380 423 1433 quod
463 1380 512 1418 de
551 1380 733 1418 doctrina
761 1377 1004 1430 hominum,
1052 1394 1138 1419 nou
1169 1381 1218 1420 de
1247 1391 1394 1423 natura
1422 1384 1526 1424 dici-

61 1456 141 1486 tur.
202 1444 318 1497 Quin
347 1448 539 1486 mendose
573 1448 769 1499 scriptmn
811 1448 863 1485 sit
900 1455 1052 1486 veteres
1095 1449 1265 1489 editores
1296 1460 1404 1491 recte
1435 1456 1526 1506 opi-

61 1529 138 1554 nor
166 1529 252 1554 uon
282 1515 548 1565 dubitavisse,
602 1514 673 1553 sed
705 1528 799 1553 vero
829 1515 994 1554 fortasse
1022 1519 1186 1570 propius
1216 1519 1338 1558 fuerit
1363 1519 1524 1574 facila]

173 1605 212 1657 §.
248 1609 314 1644 16.
372 1607 470 1644 sive.
529 1602 563 1643 F
565 1606 640 1643 lor.
672 1605 793 1642 etiam
822 1606 862 1642 si
891 1603 966 1644 vel.
1082 1609 1238 1645 ceteris.
1278 1604 1415 1650 Guelf.
1437 1625 1526 1650 cer.

58 1675 126 1712 tis.
241 1688 353 1726 poen.
374 1674 449 1711 irr.
469 1686 547 1710 ver.
607 1670 676 1710 Sic
707 1673 830 1710 etiam
861 1669 989 1712 Aan.
1015 1676 1054 1713 1.
1081 1670 1116 1713 F
1116 1675 1194 1714 lor.
1310 1675 1525 1731 deprehen..

57 1757 156 1781 sam.
215 1739 356 1781 Turic.
387 1754 410 1779 a
433 1755 494 1793 pr.
515 1753 572 1779 m.
602 1737 710 1779 Flor.
739 1737 976 1793 depressam.

169 1830 207 1882 §.
242 1834 309 1870 17.
367 1829 499 1870 multi.
563 1827 686 1869 Goth.
727 1828 873 1883 Camp.
902 1829 1079 1871 multum.
1197 1849 1251 1872 re.
1300 1832 1369 1875 Sic
1400 1837 1521 1877 etiam

10 1887 11 1896 ἵ
55 1896 182 1938 Amb.
208 1902 246 1938 1.
301 1913 393 1936 rem.
433 1896 545 1937 Sich.
616 1896 776 1950 [Spald.
797 1906 887 1950 post
906 1899 1060 1938 editum
1079 1901 1231 1940 librum
1249 1911 1357 1942 recte
1378 1919 1520 1943 emen-

6 1980 13 2005 τ
57 1967 167 2006 davit
184 1963 299 2004 multi
319 1981 378 2003 res
399 1963 556 2005 consilii
575 1974 690 2019 atque
713 1968 814 2004 artis
832 1976 902 2006 est.
961 1964 1030 2006 Sic
1050 1969 1174 2008 etiam
1195 1983 1277 2007 esse
1300 1970 1411 2020 §.11
1443 1988 1520 2011 non

56 2044 112 2073 est
135 2049 194 2072 res
213 2035 340 2072 animi
356 2029 576 2088 jacentia]
666 2035 954 2074 auctoritatem.
1005 2033 1142 2075 Turio.
1172 2050 1195 2075 a
1223 2051 1285 2090 pr.
1315 2053 1372 2079 m.
1405 2050 1520 2080 acto-

56 2105 226 2142 ritatem.

165 2193 201 2244 §.
234 2196 299 2232 18.
360 2189 531 2245 aliquid.
591 2190 729 2231 Turio.
760 2190 933 2246 aliquod.
1023 2195 1160 2247 majus.
1207 2193 1317 2237 Flor.
1353 2212 1517 2253 quoque

10 2278 15 2296 x
53 2262 180 2315 majus
202 2263 343 2312 majus.
462 2270 639 2313 cogatur.
701 2257 841 2313 Camp.
875 2262 1043 2314 cogitur.
1159 2264 1225 2304 sit.
1283 2262 1423 2318 Camp.
1440 2269 1515 2321 fit.

138 2327 342 2368 electurus.
389 2325 527 2370 Guelf.
557 2327 761 2367 electura&
854 2329 921 2381 fit.
972 2326 1096 2370 Goth.
1127 2332 1192 2371 sit.
1293 2332 1405 2373 nobis
1426 2335 1514 2388 ipsi.

8 2403 13 2426 ·'
55 2395 193 2450 Camp.
224 2398 251 2436 i.
285 2413 323 2437 η.
384 2395 508 2437 Goth.
538 2395 657 2436 Voss.
680 2402 721 2436 2.
752 2398 945 2436 omittunt
972 2398 1062 2451 ipsi.

167 2487 204 2536 §.
240 2491 304 2527 19.
364 2498 399 2526 et
416 2487 539 2528 vultu.
580 2487 649 2528 Sic
670 2489 792 2526 etiam
813 2484 938 2528 Amb.
961 2492 998 2528 1.
1085 2490 1178 2541 ejus.
1219 2487 1328 2530 Flor.
1355 2492 1426 2531 eis.

56 2554 105 2593 ab
126 2556 188 2595 iis.
236 2554 374 2610 Camp.
398 2565 437 2596 et
457 2556 547 2595 edd.
571 2565 664 2595 ante
683 2554 784 2595 Ald.
815 2571 908 2596 cum
928 2554 1042 2596 Sich.
1064 2555 1113 2594 ab
1133 2555 1208 2596 his.
1305 2557 1508 2610 adjuvant.

54 2621 181 2664 Amb.
204 2628 241 2664 1.
271 2622 380 2664 Flor.
411 2627 533 2664 etiam
557 2623 752 2678 adjuvent.
864 2623 1002 2681 pedem
1029 2634 1194 2679 oportet.
1245 2623 1353 2666 Flor.
1385 2630 1508 2667 etiam
