1695 2974
151 126 224 160 XX

153 223 393 279 parenthesi
422 241 525 282 quas
554 236 676 269 antea
699 227 949 284 protulerat,
995 225 1172 282 repetivi
1199 231 1324 270 etiam
1354 243 1450 280 eas,
1490 244 1593 286 quas

152 304 196 343 in
237 307 536 346 commentario
574 307 767 348 consulto
807 307 973 347 videtur
1021 308 1226 347 omisisse.
1302 306 1594 350 Veruntamen

153 380 259 422 haec
303 388 648 426 commemoratio
689 386 881 427 codicum
919 384 1206 426 Parisinorum
1245 387 1428 442 speciem
1468 386 1597 428 habet

152 461 359 514 maJ'orem
399 475 523 516 quam
562 462 798 504 utilitatem.
881 460 992 504 Nam
1031 463 1256 505 Pottierius
1299 465 1467 520 quidem
1504 466 1595 520 ipse
1628 496 1635 508 .

153 540 217 579 rei
244 539 412 580 criticae
436 540 568 582 fuisse
594 541 811 596 imperitus
834 540 1021 592 videtur,
1050 542 1125 584 sed
1151 542 1263 596 quod
1285 555 1311 582 a
1332 541 1596 598 Spaldingio,

153 630 276 671 quem
306 618 494 673 impense
524 619 834 669 admirabatur,
865 619 1094 661 editionem
1119 618 1325 675 Campani
1349 629 1598 678 veteresque

151 692 283 735 libros
314 697 420 736 tanti
462 696 557 738 fieri
595 698 779 748 videret,
822 696 1002 738 fortasse
1042 700 1171 739 etiam
1211 699 1321 754 quod
1362 699 1453 754 ipse
1489 700 1600 755 apud
1631 713 1635 718 ⁴

151 786 251 839 suos
303 788 386 815 non
424 788 577 830 expers
626 776 729 816 artis
766 775 901 841 videri
939 775 1091 827 vellet,
1147 775 1227 817 hoc
1266 775 1351 818 sibi
1389 778 1600 833 agendum

153 853 405 906 sumpsisse,
463 862 510 894 ut
557 851 869 908 Campanianae
916 856 1142 896 varietates
1191 870 1277 896 non
1326 855 1601 911 indiligenter

150 927 368 984 colligeret
398 931 651 988 adderetque
681 932 748 974 his
777 932 984 978 lectiones
1007 947 1060 974 ex
1089 947 1174 974 uno
1199 942 1241 974 et
1267 932 1402 975 altero
1437 934 1488 976 de
1521 949 1601 977 sex

150 1008 279 1062 regiis
311 1009 526 1051 codicibus
555 1009 664 1052 forte
694 1009 871 1052 oblatas.
930 1009 1041 1052 Nam
1063 1010 1288 1052 consilium
1313 1012 1481 1067 quidem
1506 1014 1621 1068 ejus,

150 1086 193 1124 in
224 1088 501 1141 excerpendis
539 1088 660 1131 libris
699 1088 863 1131 nullum
895 1091 1096 1144 cognovi,
1137 1091 1208 1145 qui
1236 1104 1289 1130 ne
1318 1091 1364 1131 in
1392 1088 1479 1131 illis
1510 1093 1602 1146 qui-

148 1161 243 1202 dem
285 1162 413 1216 locis,
455 1167 529 1208 ubi
570 1170 756 1210 maxime
798 1182 903 1223 opus
941 1168 1091 1219 fuerit,
1142 1166 1324 1209 fideliter
1365 1170 1599 1220 annotarit,

149 1243 249 1296 quid
278 1244 322 1283 in
355 1259 519 1301 quoque
549 1244 660 1288 libro
700 1247 933 1296 invenerit,
974 1247 1020 1287 in
1050 1244 1147 1287 aliis
1187 1261 1318 1288 unmn
1351 1254 1391 1287 et
1421 1245 1601 1288 alterum

147 1329 298 1363 testem
338 1321 545 1376 laudarit,
595 1326 761 1367 etiamsi
801 1325 1082 1365 certissimum
1124 1326 1179 1365 sit
1222 1338 1368 1366 omnes
1411 1327 1600 1380 potuisse

146 1399 280 1441 citari.
340 1401 421 1443 Ex.
444 1418 506 1459 gr.
530 1403 605 1445 lib.
628 1404 682 1456 Π,
711 1407 777 1453 13,
803 1407 854 1444 13
887 1406 934 1443 in
964 1416 1016 1443 ea
1048 1402 1197 1445 tabula
1235 1413 1300 1444 est
1328 1404 1371 1445 in
1403 1403 1600 1444 editioni-

148 1476 224 1519 bus
255 1489 352 1520 ante
374 1478 666 1522 Burmannum
695 1481 915 1532 omnibus,
945 1483 990 1521 in
1012 1479 1334 1522 Burmanniana
1362 1480 1599 1537 typotheta-

145 1569 238 1595 rum
277 1557 441 1598 incuria
478 1573 710 1613 pronomen
761 1560 942 1609 excidit,
998 1561 1119 1616 isque
1150 1575 1290 1610 error,
1338 1569 1385 1602 ut
1411 1559 1483 1611 fit,
1524 1574 1599 1615 per

144 1633 358 1675 insecutas
387 1636 594 1679 editiones
624 1647 879 1694 propagatus
909 1646 975 1679 est
993 1638 1042 1692 ³⁹).
1100 1639 1332 1680 Pottierius
1359 1640 1514 1695 igitur,
1546 1652 1599 1680 ea

147 1711 291 1753 videns
328 1714 372 1753 in
405 1712 693 1769 Campaniana
723 1731 841 1767 esse,
884 1717 938 1757 ad
975 1719 1233 1758 mentionem
1276 1719 1370 1772 ejus
1400 1717 1598 1758 editionis

145 1789 301 1843 adjecit
330 1788 433 1846 Reg.
466 1796 504 1833 1.
572 1792 684 1844 Quid
714 1797 846 1851 igitur
875 1794 1052 1850 reliqui?
1113 1794 1378 1837 Omittuntne
1409 1793 1475 1836 illi
1501 1809 1598 1850 pro-

145 1867 325 1908 nomen?
386 1867 570 1912 Credere
602 1872 793 1924 deberes,
825 1875 863 1915 si
894 1881 1088 1914 accurata
1116 1873 1266 1915 haberi
1295 1881 1439 1928 posset
1469 1871 1596 1913 colla-

143 1946 226 1986 tio:
258 1947 334 1988 sed
362 1962 463 1989 cave
492 1950 639 1994 facias.
671 1951 734 2003 ΙΙ,
759 1957 806 2002 8,
838 1956 887 1994 11
920 1966 977 1993 απ
1012 1965 1113 1993 vero
1141 1960 1184 1992 et
1210 1953 1471 1993 recentiores
1506 1951 1596 1992 edi-

143 2023 279 2065 tiones
309 2040 455 2069 omnes
489 2038 531 2070 et
569 2032 660 2085 ipse
691 2030 916 2072 Pottierius
954 2032 998 2071 in
1029 2039 1150 2072 textu
1188 2030 1365 2071 habent:
1418 2043 1475 2071 au
1511 2043 1596 2071 mm

143 2099 271 2145 lectio
303 2113 367 2146 est
397 2105 559 2162 aliquot
586 2118 776 2151 veterum
817 2110 1050 2154 editionum
1088 2124 1144 2151 ex
1174 2111 1419 2163 conjectura
1445 2107 1593 2163 Regii,

140 2181 309 2234 codicis,
341 2186 452 2240 quod
481 2189 687 2240 sciamus,
719 2187 876 2230 nullius
914 2197 1082 2243 praeter
1110 2190 1237 2230 unius
1268 2186 1467 2228 Gothani.
1497 2186 1595 2227 Pot-

140 2259 310 2311 tierius,
352 2278 447 2304 cum
479 2265 604 2308 silere
635 2276 802 2322 posset,
843 2269 880 2308 si
921 2269 964 2308 in
995 2269 1082 2309 suis
1122 2266 1244 2309 libris
1272 2268 1373 2307 item
1404 2279 1461 2307 (m
1490 2277 1593 2306 vero

175 2471 210 2515 ᾗ)
232 2472 294 2508 Sic
320 2486 367 2510 ex
400 2478 485 2511 edit.
513 2479 732 2516 Gesneriana
756 2483 795 2516 in
822 2482 1115 2527 Spaldingianam
1147 2484 1297 2526 irrepsit
1327 2480 1383 2515 bis
1414 2480 1495 2513 dum
1522 2489 1591 2523 pro

229 2542 305 2563 sum
330 2532 357 2572 12
381 2535 419 2574 1,
443 2536 465 2566 2
484 2543 518 2568 et
537 2538 572 2576 Ι,
595 2541 626 2578 1,
647 2537 691 2572 34
715 2551 761 2573 ne
784 2540 874 2584 quid
898 2540 1012 2574 dicam
1036 2540 1080 2574 de
1105 2539 1292 2573 erroribus
1314 2536 1590 2583 typothetarum

228 2586 591 2634 Spaldingianorum‚
618 2593 715 2629 fideli
741 2595 860 2630 adhuc
886 2607 995 2641 opera
1020 2599 1242 2642 propagatis.
1534 2607 1538 2611 ·
