<?xml version="1.0" encoding="UTF-8"?>
<!DOCTYPE html PUBLIC "-//W3C//DTD XHTML 1.0 Transitional//EN"
    "http://www.w3.org/TR/xhtml1/DTD/xhtml1-transitional.dtd">
<html xmlns="http://www.w3.org/1999/xhtml" xml:lang="en" lang="en">
 <head>
  <title>
</title>
<meta http-equiv="Content-Type" content="text/html;charset=utf-8" />
  <meta name='ocr-system' content='tesseract 3.04.00' />
  <meta name='ocr-capabilities' content='ocr_page ocr_carea ocr_par ocr_line ocrx_word'/>
</head>
<body>
  <div class='ocr_page' id='page_1' title='image "./deinstitutioneor05quinuoft_0251.png"; bbox 0 0 1721 2974; ppageno 0'>
   <div class='ocr_carea' id='block_1_1' title="bbox 197 128 1546 186">
    <p class='ocr_par' dir='ltr' id='par_1_1' title="bbox 197 128 1546 186">
     <span class='ocr_line' id='line_1_1' title="bbox 197 128 1546 186; baseline -0.003 -12"><span class='ocrx_word' id='word_1_1' title='bbox 197 132 251 174; x_wconf 79' lang='lat' dir='ltr'><strong>ad</strong></span> <span class='ocrx_word' id='word_1_2' title='bbox 283 131 444 186; x_wconf 75' lang='lat' dir='ltr'><strong>Quintil.</strong></span> <span class='ocrx_word' id='word_1_3' title='bbox 473 131 602 171; x_wconf 64' lang='lat' dir='ltr'><strong>Iustis.</strong></span> <span class='ocrx_word' id='word_1_4' title='bbox 629 128 712 180; x_wconf 88' lang='lat' dir='ltr'><strong>IV,</strong></span> <span class='ocrx_word' id='word_1_5' title='bbox 744 137 782 172; x_wconf 81' lang='grc'><strong>2.</strong></span> <span class='ocrx_word' id='word_1_6' title='bbox 810 131 845 183; x_wconf 83' lang='lat'><strong>§.</strong></span> <span class='ocrx_word' id='word_1_7' title='bbox 868 133 1119 176; x_wconf 74' lang='lat'><strong>129—132.</strong></span> <span class='ocrx_word' id='word_1_8' title='bbox 1151 134 1190 170; x_wconf 82' lang='lat'><strong>3.</strong></span> <span class='ocrx_word' id='word_1_9' title='bbox 1214 131 1249 182; x_wconf 69' lang='grc' dir='ltr'><strong>ς.</strong></span> <span class='ocrx_word' id='word_1_10' title='bbox 1275 134 1412 174; x_wconf 88' lang='grc'><strong>1-5,</strong></span> <span class='ocrx_word' id='word_1_11' title='bbox 1465 141 1546 177; x_wconf 76' lang='lat'><strong>219</strong></span> 
     </span>
    </p>
   </div>
   <div class='ocr_carea' id='block_1_2' title="bbox 96 243 1559 1048">
    <p class='ocr_par' dir='ltr' id='par_1_2' title="bbox 96 243 1550 438">
     <span class='ocr_line' id='line_1_2' title="bbox 210 243 1548 302; baseline -0.001 -16"><span class='ocrx_word' id='word_1_12' title='bbox 210 249 247 299; x_wconf 87' lang='lat'><strong>§.</strong></span> <span class='ocrx_word' id='word_1_13' title='bbox 290 253 330 289; x_wconf 89' lang='grc'><strong>2.</strong></span> <span class='ocrx_word' id='word_1_14' title='bbox 393 245 548 302; x_wconf 82' lang='lat' dir='ltr'><em>forum.</em></span> <span class='ocrx_word' id='word_1_15' title='bbox 615 243 716 286; x_wconf 90' lang='lat' dir='ltr'><strong>Loc.</strong></span> <span class='ocrx_word' id='word_1_16' title='bbox 757 243 867 285; x_wconf 86' lang='lat' dir='ltr'><strong>Ven.</strong></span> <span class='ocrx_word' id='word_1_17' title='bbox 899 243 1017 299; x_wconf 85' lang='lat' dir='ltr'><em>foro.</em></span> <span class='ocrx_word' id='word_1_18' title='bbox 1150 259 1282 296; x_wconf 66' lang='lat' dir='ltr'><strong>agere.</strong></span> <span class='ocrx_word' id='word_1_19' title='bbox 1347 244 1474 287; x_wconf 84' lang='lat' dir='ltr'><strong>Amb.</strong></span> <span class='ocrx_word' id='word_1_20' title='bbox 1508 255 1548 290; x_wconf 80' lang='lat'><strong>2,</strong></span> 
     </span>
     <span class='ocr_line' id='line_1_3' title="bbox 96 310 1550 369; baseline 0.001 -14"><span class='ocrx_word' id='word_1_21' title='bbox 96 332 227 369; x_wconf 78' lang='lat' dir='ltr'><strong>aegre.</strong></span> <span class='ocrx_word' id='word_1_22' title='bbox 344 331 389 353; x_wconf 82' lang='lat' dir='ltr'><strong>ne</strong></span> <span class='ocrx_word' id='word_1_23' title='bbox 415 317 450 353; x_wconf 81' lang='lat' dir='ltr'><strong>si</strong></span> <span class='ocrx_word' id='word_1_24' title='bbox 477 330 646 368; x_wconf 75' lang='lat' dir='ltr'><strong>pressae.</strong></span> <span class='ocrx_word' id='word_1_25' title='bbox 705 312 846 366; x_wconf 81' lang='lat' dir='ltr'><strong>Camp.</strong></span> <span class='ocrx_word' id='word_1_26' title='bbox 874 328 918 350; x_wconf 85' lang='lat' dir='ltr'><strong>ne</strong></span> <span class='ocrx_word' id='word_1_27' title='bbox 949 314 984 350; x_wconf 72' lang='lat' dir='ltr'><strong>si</strong></span> <span class='ocrx_word' id='word_1_28' title='bbox 1007 327 1106 365; x_wconf 76' lang='lat' dir='ltr'><strong>prae</strong></span> <span class='ocrx_word' id='word_1_29' title='bbox 1137 327 1188 350; x_wconf 88' lang='lat' dir='ltr'><strong>se.</strong></span> <span class='ocrx_word' id='word_1_30' title='bbox 1247 310 1384 352; x_wconf 77' lang='lat' dir='ltr'><strong>Turio.</strong></span> <span class='ocrx_word' id='word_1_31' title='bbox 1415 314 1550 367; x_wconf 82' lang='lat' dir='ltr'><strong>Flor.,</strong></span> 
     </span>
     <span class='ocr_line' id='line_1_4' title="bbox 97 377 1549 438; baseline -0.003 -14"><span class='ocrx_word' id='word_1_32' title='bbox 97 393 265 438; x_wconf 85' lang='lat' dir='ltr'>uterque</span> <span class='ocrx_word' id='word_1_33' title='bbox 297 398 318 422; x_wconf 84' lang='lat' dir='ltr'>a</span> <span class='ocrx_word' id='word_1_34' title='bbox 347 398 406 436; x_wconf 87' lang='lat' dir='ltr'><strong>pr.</strong></span> <span class='ocrx_word' id='word_1_35' title='bbox 437 397 493 421; x_wconf 86' lang='lat' dir='ltr'><strong>m.</strong></span> <span class='ocrx_word' id='word_1_36' title='bbox 524 381 636 420; x_wconf 78' lang='lat' dir='ltr'><strong>Van.</strong></span> <span class='ocrx_word' id='word_1_37' title='bbox 668 378 804 421; x_wconf 83' lang='lat' dir='ltr'><strong>Guelf.</strong></span> <span class='ocrx_word' id='word_1_38' title='bbox 835 378 962 420; x_wconf 77' lang='lat' dir='ltr'><strong>Amb.</strong></span> <span class='ocrx_word' id='word_1_39' title='bbox 995 385 1035 419; x_wconf 80' lang='lat'><strong>2.</strong></span> <span class='ocrx_word' id='word_1_40' title='bbox 1077 377 1196 418; x_wconf 82' lang='lat' dir='ltr'><em>Voss.</em></span> <span class='ocrx_word' id='word_1_41' title='bbox 1227 383 1266 423; x_wconf 83' lang='grc'><strong>3.</strong></span> <span class='ocrx_word' id='word_1_42' title='bbox 1302 382 1379 419; x_wconf 80' lang='lat' dir='ltr'><em>nisi</em></span> <span class='ocrx_word' id='word_1_43' title='bbox 1403 399 1549 436; x_wconf 77' lang='lat' dir='ltr'><strong>presse.</strong></span> 
     </span>
    </p>

    <p class='ocr_par' dir='ltr' id='par_1_3' title="bbox 98 445 1556 639">
     <span class='ocr_line' id='line_1_5' title="bbox 219 445 1554 501; baseline -0.001 -11"><span class='ocrx_word' id='word_1_44' title='bbox 219 453 475 490; x_wconf 73' lang='lat' dir='ltr'><em>narrationis.</em></span> <span class='ocrx_word' id='word_1_45' title='bbox 535 448 674 488; x_wconf 80' lang='lat' dir='ltr'><strong>Turio.</strong></span> <span class='ocrx_word' id='word_1_46' title='bbox 715 464 738 487; x_wconf 83' lang='lat' dir='ltr'><strong>a</strong></span> <span class='ocrx_word' id='word_1_47' title='bbox 771 464 830 501; x_wconf 86' lang='lat' dir='ltr'><strong>pr.</strong></span> <span class='ocrx_word' id='word_1_48' title='bbox 862 463 916 487; x_wconf 86' lang='lat' dir='ltr'><strong>m.</strong></span> <span class='ocrx_word' id='word_1_49' title='bbox 957 447 1065 487; x_wconf 86' lang='lat' dir='ltr'><strong>Flor.</strong></span> <span class='ocrx_word' id='word_1_50' title='bbox 1102 445 1222 486; x_wconf 87' lang='lat' dir='ltr'><strong>Voss.</strong></span> <span class='ocrx_word' id='word_1_51' title='bbox 1257 452 1294 486; x_wconf 87' lang='lat'><strong>1.</strong></span> <span class='ocrx_word' id='word_1_52' title='bbox 1327 453 1366 488; x_wconf 83' lang='lat'><strong>3.</strong></span> <span class='ocrx_word' id='word_1_53' title='bbox 1408 466 1554 489; x_wconf 83' lang='lat' dir='ltr'><strong><em>narra-</em></strong></span> 
     </span>
     <span class='ocr_line' id='line_1_6' title="bbox 98 512 1556 570; baseline 0.001 -14"><span class='ocrx_word' id='word_1_54' title='bbox 98 520 215 559; x_wconf 71' lang='lat' dir='ltr'><strong>tioni.</strong></span> <span class='ocrx_word' id='word_1_55' title='bbox 269 517 381 559; x_wconf 81' lang='lat' dir='ltr'><strong>Alm.</strong></span> <span class='ocrx_word' id='word_1_56' title='bbox 414 519 651 556; x_wconf 69' lang='lat' dir='ltr'><strong>narratione.</strong></span> <span class='ocrx_word' id='word_1_57' title='bbox 762 515 1000 568; x_wconf 68' lang='lat' dir='ltr'><strong>gracilitati.</strong></span> <span class='ocrx_word' id='word_1_58' title='bbox 1054 512 1190 555; x_wconf 84' lang='lat' dir='ltr'><strong>Guelf.</strong></span> <span class='ocrx_word' id='word_1_59' title='bbox 1224 512 1356 556; x_wconf 70' lang='lat' dir='ltr'><strong>Colin.</strong></span> <span class='ocrx_word' id='word_1_60' title='bbox 1384 517 1556 570; x_wconf 76' lang='lat' dir='ltr'><em>gracili-</em></span> 
     </span>
     <span class='ocr_line' id='line_1_7' title="bbox 101 582 1203 639; baseline -0.003 -14"><span class='ocrx_word' id='word_1_61' title='bbox 101 597 194 627; x_wconf 76' lang='lat' dir='ltr'><em>tate.</em></span> <span class='ocrx_word' id='word_1_62' title='bbox 311 595 641 639; x_wconf 77' lang='lat' dir='ltr'><em>argumentorum.</em></span> <span class='ocrx_word' id='word_1_63' title='bbox 697 582 799 624; x_wconf 87' lang='lat' dir='ltr'><strong>Loc.</strong></span> <span class='ocrx_word' id='word_1_64' title='bbox 831 592 1203 636; x_wconf 76' lang='lat' dir='ltr'><strong>argumentatorum.</strong></span> 
     </span>
    </p>

    <p class='ocr_par' dir='ltr' id='par_1_4' title="bbox 97 650 1559 1048">
     <span class='ocr_line' id='line_1_8' title="bbox 213 650 1554 708; baseline -0.001 -13"><span class='ocrx_word' id='word_1_65' title='bbox 213 655 250 706; x_wconf 89' lang='lat'><strong>§.</strong></span> <span class='ocrx_word' id='word_1_66' title='bbox 281 659 320 695; x_wconf 86' lang='lat'><strong>3.</strong></span> <span class='ocrx_word' id='word_1_67' title='bbox 379 655 530 693; x_wconf 80' lang='lat' dir='ltr'><em>vitium,</em></span> <span class='ocrx_word' id='word_1_68' title='bbox 589 651 698 691; x_wconf 87' lang='lat' dir='ltr'><strong>Flor.</strong></span> <span class='ocrx_word' id='word_1_69' title='bbox 730 654 915 690; x_wconf 79' lang='lat' dir='ltr'><strong>vicinum.</strong></span> <span class='ocrx_word' id='word_1_70' title='bbox 1015 667 1165 690; x_wconf 81' lang='lat' dir='ltr'><em>necesse</em></span> <span class='ocrx_word' id='word_1_71' title='bbox 1192 652 1258 690; x_wconf 85' lang='lat' dir='ltr'><strong>sit.</strong></span> <span class='ocrx_word' id='word_1_72' title='bbox 1315 650 1424 693; x_wconf 89' lang='lat' dir='ltr'><strong>Flor.</strong></span> <span class='ocrx_word' id='word_1_73' title='bbox 1448 668 1472 694; x_wconf 87' lang='lat' dir='ltr'>a</span> <span class='ocrx_word' id='word_1_74' title='bbox 1492 670 1554 708; x_wconf 86' lang='lat' dir='ltr'><strong>pr.</strong></span> 
     </span>
     <span class='ocr_line' id='line_1_9' title="bbox 97 717 1556 774; baseline 0.001 -12"><span class='ocrx_word' id='word_1_75' title='bbox 97 737 158 764; x_wconf 66' lang='lat' dir='ltr'><strong>m.</strong></span> <span class='ocrx_word' id='word_1_76' title='bbox 185 724 361 762; x_wconf 82' lang='lat' dir='ltr'><em>necessit.</em></span> <span class='ocrx_word' id='word_1_77' title='bbox 474 735 589 774; x_wconf 77' lang='lat' dir='ltr'><em>eoque</em></span> <span class='ocrx_word' id='word_1_78' title='bbox 620 729 783 759; x_wconf 73' lang='lat' dir='ltr'><strong>samias.</strong></span> <span class='ocrx_word' id='word_1_79' title='bbox 842 719 910 759; x_wconf 85' lang='lat' dir='ltr'><strong>Sic</strong></span> <span class='ocrx_word' id='word_1_80' title='bbox 940 720 1064 758; x_wconf 82' lang='lat' dir='ltr'>etiam</span> <span class='ocrx_word' id='word_1_81' title='bbox 1092 717 1199 758; x_wconf 89' lang='lat' dir='ltr'><strong>Flor.</strong></span> <span class='ocrx_word' id='word_1_82' title='bbox 1248 717 1309 759; x_wconf 89' lang='lat' dir='ltr'><strong>At</strong></span> <span class='ocrx_word' id='word_1_83' title='bbox 1337 719 1370 760; x_wconf 81' lang='grc' dir='ltr'><strong>Γ</strong></span> <span class='ocrx_word' id='word_1_84' title='bbox 1373 736 1430 761; x_wconf 85' lang='lat' dir='ltr'><strong>ar.</strong></span> <span class='ocrx_word' id='word_1_85' title='bbox 1455 726 1494 762; x_wconf 81' lang='grc'><strong>1.</strong></span> <span class='ocrx_word' id='word_1_86' title='bbox 1517 728 1556 764; x_wconf 85' lang='grc'><strong>2.</strong></span> 
     </span>
     <span class='ocr_line' id='line_1_10' title="bbox 99 784 1454 841; baseline -0.002 -10"><span class='ocrx_word' id='word_1_87' title='bbox 99 796 141 831; x_wconf 85' lang='grc'><strong>3.</strong></span> <span class='ocrx_word' id='word_1_88' title='bbox 170 790 281 832; x_wconf 77' lang='lat' dir='ltr'><strong>Jen5.</strong></span> <span class='ocrx_word' id='word_1_89' title='bbox 305 804 398 829; x_wconf 88' lang='lat' dir='ltr'><strong>cum</strong></span> <span class='ocrx_word' id='word_1_90' title='bbox 419 788 510 828; x_wconf 85' lang='lat' dir='ltr'><strong>edd.</strong></span> <span class='ocrx_word' id='word_1_91' title='bbox 542 795 635 827; x_wconf 85' lang='lat' dir='ltr'><strong>ante</strong></span> <span class='ocrx_word' id='word_1_92' title='bbox 665 786 815 827; x_wconf 75' lang='lat' dir='ltr'><strong>Cen-ic.</strong></span> <span class='ocrx_word' id='word_1_93' title='bbox 848 796 887 826; x_wconf 82' lang='lat' dir='ltr'><strong>et</strong></span> <span class='ocrx_word' id='word_1_94' title='bbox 919 784 1076 840; x_wconf 86' lang='lat' dir='ltr'><strong>Gryph.</strong></span> <span class='ocrx_word' id='word_1_95' title='bbox 1105 803 1224 841; x_wconf 81' lang='lat' dir='ltr'><em>eoque</em></span> <span class='ocrx_word' id='word_1_96' title='bbox 1244 786 1454 829; x_wconf 77' lang='lat' dir='ltr'><strong>desumtas.</strong></span> 
     </span>
     <span class='ocr_line' id='line_1_11' title="bbox 98 852 1558 906; baseline 0 -8"><span class='ocrx_word' id='word_1_97' title='bbox 98 861 166 899; x_wconf 78' lang='lat' dir='ltr'><strong>iis..</strong></span> <span class='ocrx_word' id='word_1_98' title='bbox 220 857 348 898; x_wconf 85' lang='lat' dir='ltr'><strong>Amb.</strong></span> <span class='ocrx_word' id='word_1_99' title='bbox 377 863 416 897; x_wconf 85' lang='lat'><strong>2.</strong></span> <span class='ocrx_word' id='word_1_100' title='bbox 448 858 497 895; x_wconf 83' lang='lat' dir='ltr'><strong>is.</strong></span> <span class='ocrx_word' id='word_1_101' title='bbox 558 854 670 895; x_wconf 84' lang='lat' dir='ltr'><strong>Sich.</strong></span> <span class='ocrx_word' id='word_1_102' title='bbox 701 854 776 894; x_wconf 72' lang='lat' dir='ltr'><strong>his.</strong></span> <span class='ocrx_word' id='word_1_103' title='bbox 838 852 987 906; x_wconf 88' lang='lat' dir='ltr'><strong>[Codd.</strong></span> <span class='ocrx_word' id='word_1_104' title='bbox 1024 857 1216 906; x_wconf 83' lang='lat' dir='ltr'>silentur,</span> <span class='ocrx_word' id='word_1_105' title='bbox 1254 858 1282 894; x_wconf 89' lang='lat' dir='ltr'><strong>i.</strong></span> <span class='ocrx_word' id='word_1_106' title='bbox 1313 871 1350 897; x_wconf 88' lang='lat' dir='ltr'><strong>e.</strong></span> <span class='ocrx_word' id='word_1_107' title='bbox 1391 857 1453 896; x_wconf 76' lang='lat' dir='ltr'><strong>his</strong></span> <span class='ocrx_word' id='word_1_108' title='bbox 1481 858 1558 898; x_wconf 88' lang='lat' dir='ltr'><strong>ha-</strong></span> 
     </span>
     <span class='ocr_line' id='line_1_12' title="bbox 98 924 1558 977; baseline 0.001 -12"><span class='ocrx_word' id='word_1_109' title='bbox 98 929 217 976; x_wconf 85' lang='lat' dir='ltr'><strong>bent,</strong></span> <span class='ocrx_word' id='word_1_110' title='bbox 247 926 318 965; x_wconf 88' lang='lat' dir='ltr'><strong>sed</strong></span> <span class='ocrx_word' id='word_1_111' title='bbox 347 925 425 964; x_wconf 84' lang='lat' dir='ltr'><strong>hoc</strong></span> <span class='ocrx_word' id='word_1_112' title='bbox 450 926 522 963; x_wconf 84' lang='lat' dir='ltr'><strong>vix</strong></span> <span class='ocrx_word' id='word_1_113' title='bbox 551 938 650 976; x_wconf 80' lang='lat' dir='ltr'><em>opus</em></span> <span class='ocrx_word' id='word_1_114' title='bbox 681 931 739 962; x_wconf 86' lang='lat' dir='ltr'><strong>est</strong></span> <span class='ocrx_word' id='word_1_115' title='bbox 769 931 989 972; x_wconf 84' lang='lat' dir='ltr'><strong>annotare,</strong></span> <span class='ocrx_word' id='word_1_116' title='bbox 1019 924 1162 960; x_wconf 82' lang='lat' dir='ltr'>malim</span> <span class='ocrx_word' id='word_1_117' title='bbox 1191 939 1257 963; x_wconf 88' lang='lat' dir='ltr'><strong>eos</strong></span> <span class='ocrx_word' id='word_1_118' title='bbox 1287 927 1418 977; x_wconf 87' lang='lat' dir='ltr'><em>potius</em></span> <span class='ocrx_word' id='word_1_119' title='bbox 1448 929 1558 967; x_wconf 87' lang='lat' dir='ltr'><em>locos</em></span> 
     </span>
     <span class='ocr_line' id='line_1_13' title="bbox 98 992 1559 1048; baseline 0.001 -15"><span class='ocrx_word' id='word_1_120' title='bbox 98 996 148 1033; x_wconf 86' lang='lat' dir='ltr'><strong>ab</strong></span> <span class='ocrx_word' id='word_1_121' title='bbox 169 994 386 1033; x_wconf 83' lang='lat' dir='ltr'>editoribus</span> <span class='ocrx_word' id='word_1_122' title='bbox 416 992 602 1041; x_wconf 86' lang='lat' dir='ltr'>indicari,</span> <span class='ocrx_word' id='word_1_123' title='bbox 634 993 705 1029; x_wconf 91' lang='lat' dir='ltr'><strong>ubi</strong></span> <span class='ocrx_word' id='word_1_124' title='bbox 731 993 763 1029; x_wconf 69' lang='lat' dir='ltr'><strong>ii</strong></span> <span class='ocrx_word' id='word_1_125' title='bbox 790 1000 829 1030; x_wconf 89' lang='lat' dir='ltr'><strong>et</strong></span> <span class='ocrx_word' id='word_1_126' title='bbox 861 993 918 1029; x_wconf 74' lang='lat' dir='ltr'><strong>iis</strong></span> <span class='ocrx_word' id='word_1_127' title='bbox 942 993 986 1028; x_wconf 84' lang='lat' dir='ltr'><strong>in</strong></span> <span class='ocrx_word' id='word_1_128' title='bbox 1006 992 1120 1029; x_wconf 86' lang='lat' dir='ltr'><em>bonis</em></span> <span class='ocrx_word' id='word_1_129' title='bbox 1140 993 1251 1031; x_wconf 84' lang='lat' dir='ltr'><strong>libris</strong></span> <span class='ocrx_word' id='word_1_130' title='bbox 1270 995 1559 1048; x_wconf 64' lang='lat' dir='ltr'><strong>inveniantur]</strong></span> 
     </span>
    </p>
   </div>
   <div class='ocr_carea' id='block_1_3' title="bbox 97 1058 1561 1457">
    <p class='ocr_par' dir='ltr' id='par_1_5' title="bbox 99 1058 1559 1182">
     <span class='ocr_line' id='line_1_14' title="bbox 211 1058 1555 1112; baseline 0.001 -12"><span class='ocrx_word' id='word_1_131' title='bbox 211 1064 252 1100; x_wconf 86' lang='lat' dir='ltr'><strong>in</strong></span> <span class='ocrx_word' id='word_1_132' title='bbox 281 1061 397 1101; x_wconf 79' lang='grc' dir='ltr'><strong>Ιιαηο.</strong></span> <span class='ocrx_word' id='word_1_133' title='bbox 456 1059 566 1100; x_wconf 90' lang='lat' dir='ltr'><strong>Flor.</strong></span> <span class='ocrx_word' id='word_1_134' title='bbox 598 1074 622 1098; x_wconf 85' lang='lat' dir='ltr'>a</span> <span class='ocrx_word' id='word_1_135' title='bbox 649 1074 710 1112; x_wconf 87' lang='lat' dir='ltr'><strong>pr.</strong></span> <span class='ocrx_word' id='word_1_136' title='bbox 740 1074 797 1099; x_wconf 91' lang='lat' dir='ltr'><strong>m.</strong></span> <span class='ocrx_word' id='word_1_137' title='bbox 831 1061 872 1097; x_wconf 83' lang='lat' dir='ltr'><strong>in</strong></span> <span class='ocrx_word' id='word_1_138' title='bbox 901 1058 996 1098; x_wconf 70' lang='grc' dir='ltr'><strong>Ῐιαο.</strong></span> <span class='ocrx_word' id='word_1_139' title='bbox 1109 1060 1204 1112; x_wconf 82' lang='lat' dir='ltr'><strong><em>quia</em></strong></span> <span class='ocrx_word' id='word_1_140' title='bbox 1235 1058 1375 1100; x_wconf 78' lang='lat' dir='ltr'><strong>alieno.</strong></span> <span class='ocrx_word' id='word_1_141' title='bbox 1428 1060 1555 1103; x_wconf 88' lang='lat' dir='ltr'><strong>Amb.</strong></span> 
     </span>
     <span class='ocr_line' id='line_1_15' title="bbox 99 1125 1559 1182; baseline -0.003 -12"><span class='ocrx_word' id='word_1_142' title='bbox 99 1135 136 1172; x_wconf 80' lang='lat'><strong>1.</strong></span> <span class='ocrx_word' id='word_1_143' title='bbox 165 1129 255 1171; x_wconf 85' lang='lat' dir='ltr'><strong>Par.</strong></span> <span class='ocrx_word' id='word_1_144' title='bbox 285 1134 322 1169; x_wconf 86' lang='lat'><strong>1.</strong></span> <span class='ocrx_word' id='word_1_145' title='bbox 351 1127 461 1168; x_wconf 88' lang='lat' dir='ltr'><strong>Flor.</strong></span> <span class='ocrx_word' id='word_1_146' title='bbox 490 1130 591 1167; x_wconf 82' lang='lat' dir='ltr'><strong>item</strong></span> <span class='ocrx_word' id='word_1_147' title='bbox 618 1129 760 1167; x_wconf 79' lang='lat' dir='ltr'><strong>insert.</strong></span> <span class='ocrx_word' id='word_1_148' title='bbox 793 1126 887 1166; x_wconf 80' lang='lat' dir='ltr'><em>alia.</em></span> <span class='ocrx_word' id='word_1_149' title='bbox 1011 1128 1179 1180; x_wconf 79' lang='lat' dir='ltr'><strong>possint.</strong></span> <span class='ocrx_word' id='word_1_150' title='bbox 1212 1125 1353 1180; x_wconf 85' lang='lat' dir='ltr'><strong>Camp.</strong></span> <span class='ocrx_word' id='word_1_151' title='bbox 1381 1141 1559 1182; x_wconf 81' lang='lat' dir='ltr'><strong>possunt.</strong></span> 
     </span>
    </p>

    <p class='ocr_par' dir='ltr' id='par_1_6' title="bbox 97 1192 1561 1307">
     <span class='ocr_line' id='line_1_16' title="bbox 211 1192 1561 1248; baseline 0.001 -12"><span class='ocrx_word' id='word_1_152' title='bbox 211 1196 379 1236; x_wconf 72' lang='lat' dir='ltr'><strong>dicenda</strong></span> <span class='ocrx_word' id='word_1_153' title='bbox 417 1199 494 1235; x_wconf 80' lang='lat' dir='ltr'><em>sint</em></span> <span class='ocrx_word' id='word_1_154' title='bbox 525 1220 591 1234; x_wconf 90' lang='lat'><strong>—.</strong></span> <span class='ocrx_word' id='word_1_155' title='bbox 643 1194 746 1248; x_wconf 78' lang='lat' dir='ltr'><strong>Ego.</strong></span> <span class='ocrx_word' id='word_1_156' title='bbox 805 1193 874 1234; x_wconf 80' lang='lat' dir='ltr'><strong>Sic</strong></span> <span class='ocrx_word' id='word_1_157' title='bbox 911 1192 1039 1234; x_wconf 89' lang='lat' dir='ltr'><strong>Amb.</strong></span> <span class='ocrx_word' id='word_1_158' title='bbox 1066 1199 1103 1235; x_wconf 86' lang='lat'><strong>2.</strong></span> <span class='ocrx_word' id='word_1_159' title='bbox 1139 1193 1259 1235; x_wconf 84' lang='lat' dir='ltr'><em>Voss.</em></span> <span class='ocrx_word' id='word_1_160' title='bbox 1305 1199 1342 1234; x_wconf 88' lang='lat'><strong>1.</strong></span> <span class='ocrx_word' id='word_1_161' title='bbox 1354 1225 1367 1245; x_wconf 91' lang='lat'><em>,</em></span> <span class='ocrx_word' id='word_1_162' title='bbox 1407 1200 1561 1238; x_wconf 62' lang='lat' dir='ltr'><strong>omissis</strong></span> 
     </span>
     <span class='ocr_line' id='line_1_17' title="bbox 97 1266 362 1307; baseline -0.008 -1"><span class='ocrx_word' id='word_1_163' title='bbox 97 1266 362 1307; x_wconf 77' lang='lat' dir='ltr'><strong>intermediis.</strong></span> 
     </span>
    </p>

    <p class='ocr_par' dir='ltr' id='par_1_7' title="bbox 100 1330 1557 1457">
     <span class='ocr_line' id='line_1_18' title="bbox 213 1330 1556 1385; baseline 0.001 -14"><span class='ocrx_word' id='word_1_164' title='bbox 213 1336 251 1384; x_wconf 84' lang='lat'><strong>§.</strong></span> <span class='ocrx_word' id='word_1_165' title='bbox 284 1334 325 1373; x_wconf 87' lang='grc'><strong>4.</strong></span> <span class='ocrx_word' id='word_1_166' title='bbox 382 1332 470 1385; x_wconf 76' lang='lat' dir='ltr'><strong>Ego</strong></span> <span class='ocrx_word' id='word_1_167' title='bbox 502 1334 631 1371; x_wconf 82' lang='lat' dir='ltr'><strong>omitt.</strong></span> <span class='ocrx_word' id='word_1_168' title='bbox 663 1330 773 1370; x_wconf 89' lang='lat' dir='ltr'><strong>Flor.</strong></span> <span class='ocrx_word' id='word_1_169' title='bbox 812 1344 990 1384; x_wconf 88' lang='lat' dir='ltr'><strong>quoque.</strong></span> <span class='ocrx_word' id='word_1_170' title='bbox 1118 1331 1369 1385; x_wconf 66' lang='lat' dir='ltr'><strong>expatiandi.</strong></span> <span class='ocrx_word' id='word_1_171' title='bbox 1426 1331 1556 1375; x_wconf 83' lang='lat' dir='ltr'><strong>Amb.</strong></span> 
     </span>
     <span class='ocr_line' id='line_1_19' title="bbox 100 1397 1557 1457; baseline -0.001 -14"><span class='ocrx_word' id='word_1_172' title='bbox 100 1408 140 1443; x_wconf 85' lang='lat'><strong>1.</strong></span> <span class='ocrx_word' id='word_1_173' title='bbox 171 1400 393 1457; x_wconf 74' lang='lat' dir='ltr'><strong>spatiandi,</strong></span> <span class='ocrx_word' id='word_1_174' title='bbox 427 1403 563 1439; x_wconf 82' lang='lat' dir='ltr'><em>abraso</em></span> <span class='ocrx_word' id='word_1_175' title='bbox 606 1415 670 1438; x_wconf 73' lang='lat' dir='ltr'><strong>cx.</strong></span> <span class='ocrx_word' id='word_1_176' title='bbox 728 1397 868 1450; x_wconf 79' lang='lat' dir='ltr'><strong>Camp.</strong></span> <span class='ocrx_word' id='word_1_177' title='bbox 899 1398 1177 1452; x_wconf 64' lang='lat' dir='ltr'><strong>coespaciandi.</strong></span> <span class='ocrx_word' id='word_1_178' title='bbox 1294 1412 1447 1441; x_wconf 77' lang='lat' dir='ltr'><strong>narrat.</strong></span> <span class='ocrx_word' id='word_1_179' title='bbox 1477 1402 1557 1441; x_wconf 71' lang='lat' dir='ltr'><strong>sed.</strong></span> 
     </span>
    </p>
   </div>
   <div class='ocr_carea' id='block_1_4' title="bbox 95 1463 1561 2675">
    <p class='ocr_par' dir='ltr' id='par_1_8' title="bbox 98 1463 1560 1523">
     <span class='ocr_line' id='line_1_20' title="bbox 98 1463 1560 1523; baseline -0.002 -12"><span class='ocrx_word' id='word_1_180' title='bbox 98 1470 238 1511; x_wconf 74' lang='lat' dir='ltr'><strong>Tusic.</strong></span> <span class='ocrx_word' id='word_1_181' title='bbox 269 1485 291 1509; x_wconf 87' lang='lat' dir='ltr'>a</span> <span class='ocrx_word' id='word_1_182' title='bbox 311 1485 371 1522; x_wconf 90' lang='lat' dir='ltr'><strong>pr.</strong></span> <span class='ocrx_word' id='word_1_183' title='bbox 404 1484 455 1507; x_wconf 90' lang='lat' dir='ltr'><strong>m.</strong></span> <span class='ocrx_word' id='word_1_184' title='bbox 485 1466 595 1508; x_wconf 85' lang='lat' dir='ltr'><strong>Flor.</strong></span> <span class='ocrx_word' id='word_1_185' title='bbox 627 1468 870 1506; x_wconf 68' lang='lat' dir='ltr'><em>narrationis</em></span> <span class='ocrx_word' id='word_1_186' title='bbox 902 1465 982 1505; x_wconf 77' lang='lat' dir='ltr'><strong>secl.</strong></span> <span class='ocrx_word' id='word_1_187' title='bbox 1039 1463 1161 1506; x_wconf 87' lang='lat' dir='ltr'><strong>Amb.</strong></span> <span class='ocrx_word' id='word_1_188' title='bbox 1184 1473 1223 1507; x_wconf 89' lang='lat'><strong>2.</strong></span> <span class='ocrx_word' id='word_1_189' title='bbox 1253 1478 1406 1507; x_wconf 82' lang='lat' dir='ltr'><strong>narrat.</strong></span> <span class='ocrx_word' id='word_1_190' title='bbox 1439 1469 1560 1523; x_wconf 75' lang='lat' dir='ltr'><strong>quod.</strong></span> 
     </span>
    </p>

    <p class='ocr_par' dir='ltr' id='par_1_9' title="bbox 98 1535 1561 2066">
     <span class='ocr_line' id='line_1_21' title="bbox 212 1535 1561 1590; baseline -0.004 -15"><span class='ocrx_word' id='word_1_191' title='bbox 212 1540 416 1577; x_wconf 81' lang='lat' dir='ltr'><em>universis.</em></span> <span class='ocrx_word' id='word_1_192' title='bbox 480 1535 618 1575; x_wconf 83' lang='lat' dir='ltr'><strong>Turio.</strong></span> <span class='ocrx_word' id='word_1_193' title='bbox 651 1550 674 1574; x_wconf 82' lang='lat' dir='ltr'>a</span> <span class='ocrx_word' id='word_1_194' title='bbox 699 1551 757 1587; x_wconf 86' lang='lat' dir='ltr'><strong>pr.</strong></span> <span class='ocrx_word' id='word_1_195' title='bbox 779 1550 836 1573; x_wconf 89' lang='lat' dir='ltr'><strong>m.</strong></span> <span class='ocrx_word' id='word_1_196' title='bbox 869 1537 1083 1574; x_wconf 58' lang='lat' dir='ltr'><em>universa&amp;</em></span> <span class='ocrx_word' id='word_1_197' title='bbox 1199 1545 1267 1574; x_wconf 81' lang='lat' dir='ltr'><strong>aut</strong></span> <span class='ocrx_word' id='word_1_198' title='bbox 1298 1545 1400 1574; x_wconf 80' lang='lat' dir='ltr'><em>cerie</em></span> <span class='ocrx_word' id='word_1_199' title='bbox 1426 1553 1469 1590; x_wconf 78' lang='lat' dir='ltr'><strong>p,</strong></span> <span class='ocrx_word' id='word_1_200' title='bbox 1497 1548 1561 1576; x_wconf 75' lang='lat' dir='ltr'><strong>at-</strong></span> 
     </span>
     <span class='ocr_line' id='line_1_22' title="bbox 99 1601 1560 1662; baseline 0 -17"><span class='ocrx_word' id='word_1_201' title='bbox 99 1623 185 1662; x_wconf 83' lang='lat' dir='ltr'><strong>quc.</strong></span> <span class='ocrx_word' id='word_1_202' title='bbox 245 1605 372 1645; x_wconf 87' lang='lat' dir='ltr'><strong>Amb.</strong></span> <span class='ocrx_word' id='word_1_203' title='bbox 408 1609 445 1643; x_wconf 91' lang='lat'><strong>1.</strong></span> <span class='ocrx_word' id='word_1_204' title='bbox 487 1614 554 1643; x_wconf 79' lang='lat' dir='ltr'><strong>aut</strong></span> <span class='ocrx_word' id='word_1_205' title='bbox 581 1620 622 1657; x_wconf 83' lang='lat' dir='ltr'><strong>p.</strong></span> <span class='ocrx_word' id='word_1_206' title='bbox 660 1613 726 1641; x_wconf 82' lang='lat' dir='ltr'><strong>aut</strong></span> <span class='ocrx_word' id='word_1_207' title='bbox 778 1604 818 1652; x_wconf 79' lang='lat' dir='ltr'><strong>(a</strong></span> <span class='ocrx_word' id='word_1_208' title='bbox 862 1603 981 1653; x_wconf 80' lang='lat' dir='ltr'>adjec.</span> <span class='ocrx_word' id='word_1_209' title='bbox 1023 1605 1075 1642; x_wconf 83' lang='lat' dir='ltr'><strong>al.</strong></span> <span class='ocrx_word' id='word_1_210' title='bbox 1115 1601 1245 1656; x_wconf 81' lang='lat' dir='ltr'><strong>man.)</strong></span> <span class='ocrx_word' id='word_1_211' title='bbox 1287 1613 1389 1642; x_wconf 79' lang='lat' dir='ltr'><strong><em>certe</em></strong></span> <span class='ocrx_word' id='word_1_212' title='bbox 1427 1615 1560 1658; x_wconf 78' lang='lat' dir='ltr'><strong>queat.</strong></span> 
     </span>
     <span class='ocr_line' id='line_1_23' title="bbox 98 1670 1558 1724; baseline -0.001 -10"><span class='ocrx_word' id='word_1_213' title='bbox 98 1674 325 1724; x_wconf 79' lang='lat' dir='ltr'><strong>[Meudose,</strong></span> <span class='ocrx_word' id='word_1_214' title='bbox 356 1672 463 1711; x_wconf 73' lang='lat' dir='ltr'>nihil</span> <span class='ocrx_word' id='word_1_215' title='bbox 491 1672 625 1711; x_wconf 82' lang='lat' dir='ltr'>aliud:</span> <span class='ocrx_word' id='word_1_216' title='bbox 659 1681 775 1724; x_wconf 78' lang='lat' dir='ltr'><em>queat</em></span> <span class='ocrx_word' id='word_1_217' title='bbox 806 1679 862 1709; x_wconf 79' lang='lat' dir='ltr'><strong>est</strong></span> <span class='ocrx_word' id='word_1_218' title='bbox 894 1670 1041 1724; x_wconf 61' lang='lat' dir='ltr'><em>arqua]</em></span> <span class='ocrx_word' id='word_1_219' title='bbox 1156 1670 1371 1710; x_wconf 80' lang='lat' dir='ltr'><strong>illustrari.</strong></span> <span class='ocrx_word' id='word_1_220' title='bbox 1428 1671 1558 1713; x_wconf 89' lang='lat' dir='ltr'><strong>Amb.</strong></span> 
     </span>
     <span class='ocr_line' id='line_1_24' title="bbox 98 1736 1561 1786; baseline -0.002 -3"><span class='ocrx_word' id='word_1_221' title='bbox 98 1751 138 1786; x_wconf 85' lang='lat'><strong>2.</strong></span> <span class='ocrx_word' id='word_1_222' title='bbox 170 1743 389 1782; x_wconf 78' lang='lat' dir='ltr'><strong>inlustrari.</strong></span> <span class='ocrx_word' id='word_1_223' title='bbox 507 1742 752 1780; x_wconf 76' lang='lat' dir='ltr'><em>orationem:</em></span> <span class='ocrx_word' id='word_1_224' title='bbox 779 1738 848 1776; x_wconf 78' lang='lat' dir='ltr'><strong>scd</strong></span> <span class='ocrx_word' id='word_1_225' title='bbox 887 1740 935 1777; x_wconf 82' lang='lat' dir='ltr'><strong>si.</strong></span> <span class='ocrx_word' id='word_1_226' title='bbox 992 1736 1116 1778; x_wconf 87' lang='lat' dir='ltr'><strong>Amb.</strong></span> <span class='ocrx_word' id='word_1_227' title='bbox 1153 1741 1362 1778; x_wconf 79' lang='lat' dir='ltr'><strong>1..oratio</strong></span> <span class='ocrx_word' id='word_1_228' title='bbox 1402 1755 1494 1779; x_wconf 84' lang='lat' dir='ltr'><strong>nam</strong></span> <span class='ocrx_word' id='word_1_229' title='bbox 1523 1751 1561 1780; x_wconf 82' lang='lat' dir='ltr'><strong>et</strong></span> 
     </span>
     <span class='ocr_line' id='line_1_25' title="bbox 98 1805 1560 1859; baseline -0.002 -8"><span class='ocrx_word' id='word_1_230' title='bbox 98 1815 146 1851; x_wconf 82' lang='lat' dir='ltr'><strong>si.</strong></span> <span class='ocrx_word' id='word_1_231' title='bbox 265 1819 464 1849; x_wconf 76' lang='lat' dir='ltr'><strong>cuneatur.</strong></span> <span class='ocrx_word' id='word_1_232' title='bbox 531 1807 599 1848; x_wconf 84' lang='lat' dir='ltr'><strong>Sic</strong></span> <span class='ocrx_word' id='word_1_233' title='bbox 637 1806 747 1846; x_wconf 84' lang='lat' dir='ltr'><strong>Flor.</strong></span> <span class='ocrx_word' id='word_1_234' title='bbox 785 1821 807 1845; x_wconf 89' lang='lat' dir='ltr'>a</span> <span class='ocrx_word' id='word_1_235' title='bbox 843 1822 902 1859; x_wconf 78' lang='lat' dir='ltr'><strong>pr.</strong></span> <span class='ocrx_word' id='word_1_236' title='bbox 936 1821 993 1845; x_wconf 88' lang='lat' dir='ltr'><strong>m.</strong></span> <span class='ocrx_word' id='word_1_237' title='bbox 1035 1805 1190 1857; x_wconf 85' lang='lat' dir='ltr'><strong>Colin.‚</strong></span> <span class='ocrx_word' id='word_1_238' title='bbox 1232 1816 1272 1846; x_wconf 89' lang='lat' dir='ltr'><strong>et</strong></span> <span class='ocrx_word' id='word_1_239' title='bbox 1310 1809 1397 1846; x_wconf 83' lang='lat' dir='ltr'><strong>sine</strong></span> <span class='ocrx_word' id='word_1_240' title='bbox 1437 1808 1560 1848; x_wconf 83' lang='lat' dir='ltr'>dubio</span> 
     </span>
     <span class='ocr_line' id='line_1_26' title="bbox 99 1873 1560 1918; baseline -0.003 0"><span class='ocrx_word' id='word_1_241' title='bbox 99 1883 223 1918; x_wconf 83' lang='lat' dir='ltr'><strong>etiam</strong></span> <span class='ocrx_word' id='word_1_242' title='bbox 251 1876 377 1916; x_wconf 77' lang='lat' dir='ltr'><strong>Amb.</strong></span> <span class='ocrx_word' id='word_1_243' title='bbox 402 1882 437 1916; x_wconf 86' lang='grc'><strong>1.</strong></span> <span class='ocrx_word' id='word_1_244' title='bbox 499 1877 744 1916; x_wconf 78' lang='lat' dir='ltr'><em>contineatur</em></span> <span class='ocrx_word' id='word_1_245' title='bbox 777 1873 881 1914; x_wconf 86' lang='lat' dir='ltr'><strong>Flor.</strong></span> <span class='ocrx_word' id='word_1_246' title='bbox 912 1877 961 1914; x_wconf 82' lang='lat' dir='ltr'><strong>ab</strong></span> <span class='ocrx_word' id='word_1_247' title='bbox 989 1877 1057 1915; x_wconf 86' lang='lat' dir='ltr'><strong>alt.</strong></span> <span class='ocrx_word' id='word_1_248' title='bbox 1089 1890 1139 1914; x_wconf 89' lang='lat' dir='ltr'><strong>m.</strong></span> <span class='ocrx_word' id='word_1_249' title='bbox 1165 1874 1256 1915; x_wconf 86' lang='lat' dir='ltr'><strong>Par.</strong></span> <span class='ocrx_word' id='word_1_250' title='bbox 1280 1880 1317 1915; x_wconf 88' lang='lat'><strong>1.</strong></span> <span class='ocrx_word' id='word_1_251' title='bbox 1393 1886 1560 1915; x_wconf 77' lang='lat' dir='ltr'><em>conatur</em></span> 
     </span>
     <span class='ocr_line' id='line_1_27' title="bbox 100 1940 1560 1988; baseline -0.001 -3"><span class='ocrx_word' id='word_1_252' title='bbox 100 1946 259 1988; x_wconf 80' lang='lat' dir='ltr'><strong>Cervic.</strong></span> <span class='ocrx_word' id='word_1_253' title='bbox 375 1954 531 1983; x_wconf 79' lang='lat' dir='ltr'><strong>natura.</strong></span> <span class='ocrx_word' id='word_1_254' title='bbox 591 1942 699 1982; x_wconf 86' lang='lat' dir='ltr'><strong>Flor.</strong></span> <span class='ocrx_word' id='word_1_255' title='bbox 738 1940 866 1982; x_wconf 87' lang='lat' dir='ltr'><strong>Amb.</strong></span> <span class='ocrx_word' id='word_1_256' title='bbox 898 1949 938 1983; x_wconf 89' lang='lat'><strong>2.</strong></span> <span class='ocrx_word' id='word_1_257' title='bbox 977 1941 1101 1983; x_wconf 83' lang='lat' dir='ltr'><strong>Bern.</strong></span> <span class='ocrx_word' id='word_1_258' title='bbox 1137 1953 1316 1982; x_wconf 83' lang='lat' dir='ltr'><strong>naturae.</strong></span> <span class='ocrx_word' id='word_1_259' title='bbox 1432 1953 1560 1984; x_wconf 82' lang='lat' dir='ltr'><strong>erant.</strong></span> 
     </span>
     <span class='ocr_line' id='line_1_28' title="bbox 98 2008 871 2066; baseline -0.006 -12"><span class='ocrx_word' id='word_1_260' title='bbox 98 2013 208 2055; x_wconf 80' lang='lat' dir='ltr'><strong>Jens.</strong></span> <span class='ocrx_word' id='word_1_261' title='bbox 240 2021 280 2052; x_wconf 86' lang='lat' dir='ltr'><strong>et</strong></span> <span class='ocrx_word' id='word_1_262' title='bbox 308 2014 489 2066; x_wconf 85' lang='lat' dir='ltr'>reliquae</span> <span class='ocrx_word' id='word_1_263' title='bbox 519 2019 612 2050; x_wconf 83' lang='lat' dir='ltr'><strong>ante</strong></span> <span class='ocrx_word' id='word_1_264' title='bbox 641 2008 745 2049; x_wconf 83' lang='lat' dir='ltr'><strong>Bad.</strong></span> <span class='ocrx_word' id='word_1_265' title='bbox 774 2019 871 2049; x_wconf 83' lang='lat' dir='ltr'><strong>erat.</strong></span> 
     </span>
    </p>

    <p class='ocr_par' dir='ltr' id='par_1_10' title="bbox 95 2076 1560 2471">
     <span class='ocr_line' id='line_1_29' title="bbox 213 2076 1560 2131; baseline 0.001 -12"><span class='ocrx_word' id='word_1_266' title='bbox 213 2082 249 2131; x_wconf 55' lang='grc' dir='ltr'><strong>ᾧ.</strong></span> <span class='ocrx_word' id='word_1_267' title='bbox 284 2084 322 2120; x_wconf 88' lang='grc'><strong>5.</strong></span> <span class='ocrx_word' id='word_1_268' title='bbox 384 2089 466 2117; x_wconf 78' lang='lat' dir='ltr'><strong>tam</strong></span> <span class='ocrx_word' id='word_1_269' title='bbox 496 2088 564 2116; x_wconf 82' lang='lat' dir='ltr'><strong>est.</strong></span> <span class='ocrx_word' id='word_1_270' title='bbox 625 2076 766 2129; x_wconf 86' lang='lat' dir='ltr'><strong>Camp.</strong></span> <span class='ocrx_word' id='word_1_271' title='bbox 795 2087 851 2114; x_wconf 80' lang='lat' dir='ltr'><strong>cst</strong></span> <span class='ocrx_word' id='word_1_272' title='bbox 880 2089 973 2116; x_wconf 74' lang='lat' dir='ltr'><strong>tam.</strong></span> <span class='ocrx_word' id='word_1_273' title='bbox 1088 2078 1326 2116; x_wconf 77' lang='lat' dir='ltr'><strong>narrationi.</strong></span> <span class='ocrx_word' id='word_1_274' title='bbox 1383 2076 1503 2119; x_wconf 88' lang='lat' dir='ltr'><em>Voss.</em></span> <span class='ocrx_word' id='word_1_275' title='bbox 1522 2084 1560 2120; x_wconf 89' lang='lat'><strong>1.</strong></span> 
     </span>
     <span class='ocr_line' id='line_1_30' title="bbox 99 2144 1558 2201; baseline -0.001 -13"><span class='ocrx_word' id='word_1_276' title='bbox 99 2149 211 2188; x_wconf 81' lang='lat' dir='ltr'>addit</span> <span class='ocrx_word' id='word_1_277' title='bbox 233 2150 313 2201; x_wconf 87' lang='lat' dir='ltr'><strong>jus.</strong></span> <span class='ocrx_word' id='word_1_278' title='bbox 373 2145 488 2186; x_wconf 88' lang='lat' dir='ltr'><em>Voss.</em></span> <span class='ocrx_word' id='word_1_279' title='bbox 520 2150 560 2185; x_wconf 88' lang='lat'><strong>3.</strong></span> <span class='ocrx_word' id='word_1_280' title='bbox 589 2147 662 2185; x_wconf 80' lang='lat' dir='ltr'><strong>vis.</strong></span> <span class='ocrx_word' id='word_1_281' title='bbox 774 2145 985 2198; x_wconf 78' lang='lat' dir='ltr'><em>probatio:</em></span> <span class='ocrx_word' id='word_1_282' title='bbox 1028 2146 1177 2183; x_wconf 80' lang='lat' dir='ltr'><strong>nisisi.</strong></span> <span class='ocrx_word' id='word_1_283' title='bbox 1217 2144 1250 2184; x_wconf 86' lang='lat' dir='ltr'><strong>F</strong></span> <span class='ocrx_word' id='word_1_284' title='bbox 1254 2147 1325 2184; x_wconf 88' lang='lat' dir='ltr'><strong>lor.</strong></span> <span class='ocrx_word' id='word_1_285' title='bbox 1357 2159 1381 2184; x_wconf 82' lang='lat' dir='ltr'><strong>a</strong></span> <span class='ocrx_word' id='word_1_286' title='bbox 1411 2160 1470 2199; x_wconf 88' lang='lat' dir='ltr'><strong>pr.</strong></span> <span class='ocrx_word' id='word_1_287' title='bbox 1500 2161 1558 2187; x_wconf 90' lang='lat' dir='ltr'><strong>m.</strong></span> 
     </span>
     <span class='ocr_line' id='line_1_31' title="bbox 95 2209 1560 2271; baseline 0 -17"><span class='ocrx_word' id='word_1_288' title='bbox 95 2216 327 2271; x_wconf 77' lang='lat' dir='ltr'><em>probationi</em></span> <span class='ocrx_word' id='word_1_289' title='bbox 364 2216 412 2254; x_wconf 84' lang='lat' dir='ltr'><strong>si.</strong></span> <span class='ocrx_word' id='word_1_290' title='bbox 476 2214 594 2255; x_wconf 84' lang='lat' dir='ltr'><strong>Alm.</strong></span> <span class='ocrx_word' id='word_1_291' title='bbox 637 2213 750 2267; x_wconf 81' lang='lat' dir='ltr'><em>prob.</em></span> <span class='ocrx_word' id='word_1_292' title='bbox 789 2216 850 2252; x_wconf 85' lang='lat' dir='ltr'><strong>vis</strong></span> <span class='ocrx_word' id='word_1_293' title='bbox 880 2216 932 2253; x_wconf 73' lang='lat' dir='ltr'><strong>si.</strong></span> <span class='ocrx_word' id='word_1_294' title='bbox 998 2210 1126 2252; x_wconf 85' lang='lat' dir='ltr'><strong>Amb.</strong></span> <span class='ocrx_word' id='word_1_295' title='bbox 1157 2217 1196 2252; x_wconf 87' lang='lat'><strong>1.</strong></span> <span class='ocrx_word' id='word_1_296' title='bbox 1248 2209 1388 2252; x_wconf 76' lang='lat' dir='ltr'><strong>Turic.</strong></span> <span class='ocrx_word' id='word_1_297' title='bbox 1435 2210 1560 2255; x_wconf 88' lang='lat' dir='ltr'><strong>Goth.</strong></span> 
     </span>
     <span class='ocr_line' id='line_1_32' title="bbox 99 2278 1558 2336; baseline -0.001 -13"><span class='ocrx_word' id='word_1_298' title='bbox 99 2282 243 2336; x_wconf 86' lang='lat' dir='ltr'><strong>Camp.</strong></span> <span class='ocrx_word' id='word_1_299' title='bbox 286 2281 389 2322; x_wconf 82' lang='lat' dir='ltr'><strong>Bad.</strong></span> <span class='ocrx_word' id='word_1_300' title='bbox 433 2279 589 2321; x_wconf 80' lang='lat' dir='ltr'><strong>Cervic.</strong></span> <span class='ocrx_word' id='word_1_301' title='bbox 629 2278 761 2321; x_wconf 70' lang='lat' dir='ltr'><strong>Colin.</strong></span> <span class='ocrx_word' id='word_1_302' title='bbox 804 2284 933 2321; x_wconf 85' lang='lat' dir='ltr'><strong>omitt.</strong></span> <span class='ocrx_word' id='word_1_303' title='bbox 974 2283 1024 2319; x_wconf 88' lang='lat' dir='ltr'><strong>si.</strong></span> <span class='ocrx_word' id='word_1_304' title='bbox 1082 2278 1216 2319; x_wconf 88' lang='lat' dir='ltr'><strong>Guelf.</strong></span> <span class='ocrx_word' id='word_1_305' title='bbox 1254 2279 1369 2333; x_wconf 82' lang='lat' dir='ltr'><em>prob.</em></span> <span class='ocrx_word' id='word_1_306' title='bbox 1403 2290 1438 2318; x_wconf 79' lang='lat' dir='ltr'><strong>et</strong></span> <span class='ocrx_word' id='word_1_307' title='bbox 1466 2283 1558 2322; x_wconf 84' lang='lat' dir='ltr'><em>nisi.</em></span> 
     </span>
     <span class='ocr_line' id='line_1_33' title="bbox 97 2347 1559 2404; baseline -0.001 -14"><span class='ocrx_word' id='word_1_308' title='bbox 97 2351 224 2391; x_wconf 75' lang='lat' dir='ltr'><strong>Aan.</strong></span> <span class='ocrx_word' id='word_1_309' title='bbox 245 2356 283 2390; x_wconf 88' lang='lat'><strong>2.</strong></span> <span class='ocrx_word' id='word_1_310' title='bbox 313 2349 434 2389; x_wconf 85' lang='lat' dir='ltr'><strong>Voss.</strong></span> <span class='ocrx_word' id='word_1_311' title='bbox 449 2355 487 2389; x_wconf 85' lang='lat'><strong>3.</strong></span> <span class='ocrx_word' id='word_1_312' title='bbox 513 2349 763 2404; x_wconf 73' lang='lat' dir='ltr'><em>probationis</em></span> <span class='ocrx_word' id='word_1_313' title='bbox 790 2352 839 2388; x_wconf 84' lang='lat' dir='ltr'><strong>si.</strong></span> <span class='ocrx_word' id='word_1_314' title='bbox 888 2348 1034 2389; x_wconf 82' lang='lat' dir='ltr'><strong>Joann.</strong></span> <span class='ocrx_word' id='word_1_315' title='bbox 1063 2348 1308 2402; x_wconf 75' lang='lat' dir='ltr'><em>probationis</em></span> <span class='ocrx_word' id='word_1_316' title='bbox 1327 2349 1399 2386; x_wconf 78' lang='lat' dir='ltr'><strong>vis.</strong></span> <span class='ocrx_word' id='word_1_317' title='bbox 1445 2347 1559 2389; x_wconf 83' lang='lat' dir='ltr'><strong>Jens.</strong></span> 
     </span>
     <span class='ocr_line' id='line_1_34' title="bbox 101 2413 1558 2471; baseline -0.001 -13"><span class='ocrx_word' id='word_1_318' title='bbox 101 2428 143 2458; x_wconf 80' lang='lat' dir='ltr'><strong>et</strong></span> <span class='ocrx_word' id='word_1_319' title='bbox 174 2419 265 2457; x_wconf 86' lang='lat' dir='ltr'><strong>edd.</strong></span> <span class='ocrx_word' id='word_1_320' title='bbox 298 2426 390 2456; x_wconf 83' lang='lat' dir='ltr'>ante</span> <span class='ocrx_word' id='word_1_321' title='bbox 420 2415 522 2457; x_wconf 87' lang='lat' dir='ltr'><strong>Bad.</strong></span> <span class='ocrx_word' id='word_1_322' title='bbox 554 2432 648 2456; x_wconf 89' lang='lat' dir='ltr'><strong>cum</strong></span> <span class='ocrx_word' id='word_1_323' title='bbox 673 2416 784 2457; x_wconf 87' lang='lat' dir='ltr'><strong>Sich.</strong></span> <span class='ocrx_word' id='word_1_324' title='bbox 813 2425 853 2456; x_wconf 86' lang='lat' dir='ltr'><strong>et</strong></span> <span class='ocrx_word' id='word_1_325' title='bbox 882 2418 1045 2471; x_wconf 82' lang='lat' dir='ltr'><strong>reliquis</strong></span> <span class='ocrx_word' id='word_1_326' title='bbox 1076 2429 1140 2468; x_wconf 80' lang='lat' dir='ltr'><strong>ap.</strong></span> <span class='ocrx_word' id='word_1_327' title='bbox 1171 2413 1312 2454; x_wconf 83' lang='lat' dir='ltr'><strong>Burm.</strong></span> <span class='ocrx_word' id='word_1_328' title='bbox 1337 2416 1451 2469; x_wconf 83' lang='lat' dir='ltr'><em>prob.</em></span> <span class='ocrx_word' id='word_1_329' title='bbox 1470 2419 1558 2459; x_wconf 81' lang='lat' dir='ltr'><em>etsi.</em></span> 
     </span>
    </p>

    <p class='ocr_par' dir='ltr' id='par_1_11' title="bbox 101 2481 1558 2675">
     <span class='ocr_line' id='line_1_35' title="bbox 213 2481 1557 2538; baseline 0 -14"><span class='ocrx_word' id='word_1_330' title='bbox 213 2484 280 2524; x_wconf 78' lang='lat' dir='ltr'><em>ille</em></span> <span class='ocrx_word' id='word_1_331' title='bbox 308 2484 372 2523; x_wconf 84' lang='lat' dir='ltr'><strong>vel</strong></span> <span class='ocrx_word' id='word_1_332' title='bbox 409 2487 525 2538; x_wconf 77' lang='lat' dir='ltr'><em>quasi</em></span> <span class='ocrx_word' id='word_1_333' title='bbox 552 2509 609 2515; x_wconf 81' lang='lat'><strong>—</strong></span> <span class='ocrx_word' id='word_1_334' title='bbox 640 2487 806 2524; x_wconf 73' lang='lat' dir='ltr'><strong>initium.</strong></span> <span class='ocrx_word' id='word_1_335' title='bbox 866 2483 934 2525; x_wconf 83' lang='lat' dir='ltr'><strong>Sic</strong></span> <span class='ocrx_word' id='word_1_336' title='bbox 978 2483 1092 2522; x_wconf 82' lang='lat' dir='ltr'><strong>Alm.</strong></span> <span class='ocrx_word' id='word_1_337' title='bbox 1131 2481 1271 2522; x_wconf 84' lang='lat' dir='ltr'><strong>Turio.</strong></span> <span class='ocrx_word' id='word_1_338' title='bbox 1306 2481 1414 2522; x_wconf 90' lang='lat' dir='ltr'><strong>Flor.</strong></span> <span class='ocrx_word' id='word_1_339' title='bbox 1447 2499 1471 2523; x_wconf 88' lang='lat' dir='ltr'>a</span> <span class='ocrx_word' id='word_1_340' title='bbox 1496 2500 1557 2537; x_wconf 89' lang='lat' dir='ltr'><strong>pr.</strong></span> 
     </span>
     <span class='ocr_line' id='line_1_36' title="bbox 101 2550 1558 2606; baseline -0.001 -14"><span class='ocrx_word' id='word_1_341' title='bbox 101 2567 157 2592; x_wconf 91' lang='lat' dir='ltr'><strong>m.</strong></span> <span class='ocrx_word' id='word_1_342' title='bbox 196 2551 353 2606; x_wconf 69' lang='lat' dir='ltr'><strong>Camp„</strong></span> <span class='ocrx_word' id='word_1_343' title='bbox 383 2556 535 2592; x_wconf 86' lang='lat' dir='ltr'><em>omissis</em></span> <span class='ocrx_word' id='word_1_344' title='bbox 567 2554 828 2591; x_wconf 80' lang='lat' dir='ltr'><strong>intermediis.</strong></span> <span class='ocrx_word' id='word_1_345' title='bbox 888 2551 947 2591; x_wconf 82' lang='lat' dir='ltr'><strong>At</strong></span> <span class='ocrx_word' id='word_1_346' title='bbox 976 2550 1102 2591; x_wconf 85' lang='lat' dir='ltr'><strong>Amb.</strong></span> <span class='ocrx_word' id='word_1_347' title='bbox 1130 2557 1167 2591; x_wconf 84' lang='lat'><strong>1.</strong></span> <span class='ocrx_word' id='word_1_348' title='bbox 1199 2550 1265 2590; x_wconf 74' lang='lat' dir='ltr'><em>ille</em></span> <span class='ocrx_word' id='word_1_349' title='bbox 1294 2550 1358 2590; x_wconf 74' lang='lat' dir='ltr'><strong>vel</strong></span> <span class='ocrx_word' id='word_1_350' title='bbox 1389 2555 1558 2604; x_wconf 79' lang='lat' dir='ltr'><em>egressio</em></span> 
     </span>
     <span class='ocr_line' id='line_1_37' title="bbox 106 2619 1558 2675; baseline 0.001 -16"><span class='ocrx_word' id='word_1_351' title='bbox 106 2623 222 2675; x_wconf 84' lang='lat' dir='ltr'><em>quasi</em></span> <span class='ocrx_word' id='word_1_352' title='bbox 251 2623 414 2659; x_wconf 79' lang='lat' dir='ltr'><strong>initium.</strong></span> <span class='ocrx_word' id='word_1_353' title='bbox 478 2619 638 2672; x_wconf 65' lang='lat' dir='ltr'>[Quam</span> <span class='ocrx_word' id='word_1_354' title='bbox 677 2634 792 2659; x_wconf 74' lang='lat' dir='ltr'>caeca</span> <span class='ocrx_word' id='word_1_355' title='bbox 822 2621 1053 2660; x_wconf 73' lang='lat' dir='ltr'><strong>criticortun</strong></span> <span class='ocrx_word' id='word_1_356' title='bbox 1083 2634 1143 2660; x_wconf 81' lang='lat' dir='ltr'><strong>ars</strong></span> <span class='ocrx_word' id='word_1_357' title='bbox 1171 2621 1244 2671; x_wconf 78' lang='lat' dir='ltr'><strong>sit,</strong></span> <span class='ocrx_word' id='word_1_358' title='bbox 1274 2621 1351 2660; x_wconf 85' lang='lat' dir='ltr'><strong>nisi</strong></span> <span class='ocrx_word' id='word_1_359' title='bbox 1381 2621 1558 2660; x_wconf 82' lang='lat' dir='ltr'>veritatis</span> 
     </span>
    </p>
   </div>
  </div>
 </body>
</html>
