1721 2974
160 128 240 168 244
606 127 881 183 Supplementa
924 131 1188 168 annotationis

157 249 310 294 partem
337 238 603 281 divinationis.
662 239 788 280 Amb.
828 245 865 280 1.
907 239 1015 280 Flor.
1043 239 1185 294 ‚Camp.
1214 241 1340 283 Amb.
1370 249 1410 284 2.
1439 243 1529 285 Par.
1564 251 1601 284 1.

161 314 201 349 2.
227 312 264 348 5.
297 311 419 347 etiam
440 312 568 362 partis
598 308 885 346 divinationem.
958 310 1134 362 [sectam
1163 320 1327 350 secutos.
1370 309 1603 361 „Tautolo-

160 379 268 429 giam
294 385 410 416 vocat
438 375 612 428 Vulpius
643 376 693 414 ad
724 374 867 415 Catull.
900 381 994 425 236,
1027 386 1072 416 ut
1102 376 1250 417 Catull.
1284 382 1352 428 62,
1378 370 1429 418 15
1459 389 1604 417 sectam

159 455 444 482 —.e.rccutc1e.
504 442 570 482 Sic
601 451 640 481 et
671 440 754 482 Cic.
791 458 830 496 p.
863 441 1001 484 Rabir.
1032 443 1176 484 Perdu.
1207 449 1247 496 8,
1280 450 1328 485 31
1371 455 1519 484 sectam
1543 461 1604 484 se—

161 513 230 565 qui
250 520 296 552 'et
329 526 368 563 p.
399 510 531 549 Flacc.
558 511 634 559 ›41‚
670 512 796 550 155.“
855 510 1024 564 Spald.]

272 580 307 631 §.
343 584 408 618 36.
470 579 626 631 conjeci.
657 576 838 617 mazlzem.
896 577 998 618 Item
1026 579 1132 619 Flor.
1164 578 1286 619 Aan.
1307 586 1342 620 2.
1370 578 1462 621 Par.
1491 585 1530 620 1.
1561 586 1602 620 2.

161 646 262 686 Obr.
296 649 423 684 omitt.
456 656 502 685 et.
586 647 775 699 ipsarum.
822 644 890 686 Sic
917 650 1039 686 etiam
1066 646 1192 687 Amb,
1215 653 1252 687 1.
1274 647 1381 688 Flor.
1467 645 1606 687 Circa.

161 711 301 765 Camp.
333 729 420 750 csse.
463 759 468 763 .
536 712 737 766 ejusmodi.
795 712 922 754 Amb.
957 720 993 754 1.
1026 730 1048 754 a
1076 730 1136 767 pr.
1172 731 1226 754 m.
1268 714 1402 755 Turio.
1440 714 1547 755 Flor.
1580 729 1604 754 a

157 797 217 834 pr.
248 796 303 819 m.
346 779 423 818 odi.
482 779 610 820 Amb.
649 786 684 820 1.
728 796 750 820 a
778 797 857 822 seo.
887 797 944 822 m.
982 780 1096 822 Alm.
1138 782 1233 823 odii.
1292 782 1402 823 Jens.
1442 792 1482 822 et
1511 783 1602 822 edd.

159 857 250 888 anie
276 846 460 900 Gryph.»‚
497 863 585 888 exc.
615 847 727 888 Sich.
757 849 991 902 hujusmodi.
1077 867 1231 906 quoque.
1273 850 1439 891 Omittit
1462 849 1601 904 Camp.

240 918 505 954 instrumenta.
565 914 718 956 Cervic.
741 914 853 955 sloh.
882 917 1045 958 indicta.
1141 935 1240 973 quae
1269 921 1358 959 sint.
1405 918 1529 958 Amb.
1564 923 1601 957 1.

157 990 196 1024 2.
229 985 350 1021 essam
379 991 476 1036 quac
503 994 603 1022 sunt.
687 984 1144 1034 somrmm,.dementiam.
1202 986 1337 1027 Turic.
1368 986 1476 1026 Flor.
1502 1000 1523 1024 a
1541 1001 1600 1038 pr.

155 1066 211 1090 m.
243 1053 435 1089 somnium
466 1051 706 1093 clementium.
757 1051 866 1092 Jens.
899 1063 937 1093 et
962 1054 1050 1092 edd.
1083 1063 1175 1093 ante
1195 1053 1349 1105 Stoer.‚
1380 1069 1466 1093 exc.
1487 1052 1599 1093 Sich.

155 1121 344 1157 somnium
373 1117 614 1158 dementiam.
700 1119 864 1159 indicia.
904 1119 1029 1159 Aan.
1052 1126 1089 1160 1.
1114 1124 1234 1160 etiam
1254 1121 1415 1160 inflicta.
1463 1118 1601 1160 Guelf.

149 1185 314 1238 judicia.
429 1178 523 1240 (subs
550 1203 660 1240 pars,
721 1185 856 1228 Guelf.
878 1187 1004 1228 Alnb.
1024 1194 1064 1228 2.
1088 1188 1207 1228 Voss.
1227 1194 1264 1229 1.
1282 1194 1320 1229 3.
1340 1187 1461 1229 Basil.
1486 1186 1600 1227 Sich.

154 1253 260 1307 quod
295 1269 402 1306 pars,
462 1252 602 1307 Camp.
644 1253 764 1294 Bodl.
800 1256 948 1296 Joann.
988 1273 1152 1310 quorum
1177 1274 1285 1312 pars.
1399 1254 1500 1295 nihil
1517 1257 1602 1309 fi'n-

149 1336 242 1373 gere
268 1320 403 1359 altera.
462 1318 600 1362 Guelf.
631 1321 757 1363 Amb.
791 1329 831 1364 2.
862 1324 962 1362 haec
993 1328 1122 1364 omitt.
1231 1324 1425 1378 judicare.
1457 1323 1598 1376 Camp.

151 1387 260 1428 Jens.
303 1398 340 1427 et
383 1389 474 1428 edd.
518 1399 608 1427 aute
648 1388 775 1440 fiad„
832 1406 926 1431 cum
956 1395 1009 1431 eis
1041 1408 1101 1446 ap.
1131 1391 1270 1433 Burm.
1300 1392 1489 1433 indicare.

153 1455 310 1494 dictura
365 1467 433 1496 cst.
510 1456 645 1497 Turio.
693 1457 802 1498 Flor.
858 1473 882 1497 a
937 1475 997 1514 pr.
1051 1475 1107 1501 m.
1158 1460 1303 1500 (lictum
1354 1472 1421 1500 est.
1486 1459 1600 1500 Alm.

152 1522 264 1561 dicia
299 1533 367 1561 est.

262 1592 297 1642 ξ.
333 1595 397 1630 37.
454 1594 664 1644 praestari.
721 1591 846 1633 Ajnb.
879 1599 916 1634 1.
951 1601 989 1634 2.
1021 1595 1111 1636 Par.
1143 1601 1179 1636 1.
1203 1602 1242 1637 5.
1270 1607 1485 1650 praestare.

146 1667 331 1710 potenter.
390 1656 457 1696 Sic
487 1661 609 1697 etiam
629 1658 754 1698 Amb.
779 1666 819 1700 2.
849 1660 938 1701 Par.
963 1667 1001 1702 3.
1026 1667 1062 1703 5.
1128 1666 1275 1717 poterit
1304 1662 1439 1703 Turio.
1474 1679 1497 1702 a
1517 1679 1594 1704 sec.

148 1739 204 1764 m.
257 1735 384 1778 potest
413 1723 604 1765 Ambs1.
634 1725 725 1766 l’ar.
750 1731 787 1767 1.
811 1734 850 1768 2.
960 1730 1036 1772 ubi.
1065 1729 1190 1771 Amb.
1211 1736 1251 1771 2.
1283 1731 1345 1771 ub.
1461 1731 1507 1770 de
1536 1735 1597 1771 in-

149 1791 263 1848 artff.
324 1790 460 1832 Turio.
494 1791 609 1833 AJm.
639 1792 762 1833 Amb.
784 1801 820 1835 2.
851 1798 981 1837 omitt.
1013 1797 1073 1837 (Ze.

689 1915 722 1957 C
752 1932 780 1957 A
811 1933 848 1958 P.
916 1916 1058 1960 VIII.

261 1993 298 2042 §.
347 1998 385 2033 1.
462 2004 699 2048 constatque.
766 1995 896 2037 Amb.
939 2002 977 2038 1.
1025 2009 1178 2038 constat
1218 2016 1329 2054 quae.
1444 2002 1494 2041 ab
1534 2005 1597 2042 iis.

150 2057 271 2099 Aan.
304 2065 340 2100 1.
379 2065 418 2099 2.
463 2057 597 2100 Guelf.
633 2061 772 2116 Camp.
806 2064 855 2103 ab
886 2064 959 2105 his.
1074 2066 1257 2106 desident.
1315 2067 1452 2110 TurIc.
1493 2069 1596 2109 desi-

147 2126 222 2165 (let.
333 2144 450 2180 quam
477 2130 555 2181 qui.
613 2128 681 2169 Sic
712 2133 834 2169 etiam
861 2130 971 2173 Flor.
1003 2131 1131 2174 Amb.
1163 2141 1203 2175 2.
1262 2153 1378 2190 quam
1407 2139 1437 2175 ii
1465 2137 1595 2179 Amb.

150 2199 188 2234 1.
222 2209 243 2232 a
262 2210 321 2247 pr.
340 2209 395 2234 m.
456 2211 572 2248 quam
605 2196 647 2235 Izi
675 2200 741 2252 qui
771 2196 908 2240 Guelf.
941 2199 1082 2254 Steph.
1113 2200 1236 2242 Basil.
1268 2202 1380 2243 Sich.
1484 2204 1596 2244 Sire-

146 2277 248 2300 num.
309 2260 438 2302 Amb.
472 2267 508 2302 1.
540 2277 563 2302 a
589 2279 666 2304 sec.
700 2279 756 2304 m.
788 2264 1032 2318 δίνεηανιινη,
1073 2284 1110 2308 a.
1143 2285 1204 2323 pr.
1234 2285 1289 2311 m.
1320 2286 1413 2311 cum
1441 2270 1548 2313 Flor.
1572 2289 1595 2313 a

146 2343 206 2379 pr.
238 2342 294 2367 m.
326 2329 487 2369 omittit.
603 2330 767 2372 deliniti.
826 2332 965 2375 Turic.
998 2335 1154 2377 delenti.
1209 2337 1339 2379 Amb.
1367 2344 1408 2380 2.
1427 2339 1596 2382 deleniti.»

226 2407 519 2449 persequuntur.
578 2396 646 2437 Sic
675 2403 798 2438 etiam
826 2400 932 2441 Flor·
967 2401 1097 2444 Amb.
1128 2410 1180 2444 2..
1201 2403 1287 2445 Par.
1315 2411 1353 2446 1.
1377 2412 1417 2447 2.
1486 2408 1594 2462 [Ad

144 2469 283 2499 notam
321 2477 435 2515 exeg.
473 2478 588 2503 suam
625 2463 884 2520 Spaldingius
923 2469 1023 2510 haec
1072 2471 1256 2522 adjecit:
1288 2471 1471 2529 Aliqua,
1521 2477 1593 2515 sed

144 2528 278 2566 minus
317 2530 525 2571 luculenta
564 2532 612 2571 de
644 2532 722 2573 hoc
748 2536 837 2574 1000
867 2535 988 2576 habet
1019 2536 1236 2578 Sahnasius
1265 2538 1445 2582 Homon.
1476 2542 1592 2596 hyles

147 2594 233 2632 intr.
259 2608 298 2646 p.
322 2599 344 2634 6
363 2610 394 2635 a.
416 2599 471 2638 D.
529 2596 591 2639 Cf.
617 2597 850 2656 Schweigh.
880 2603 932 2643 ad
953 2603 1114 2647 Athen.
1139 2604 1366 2648 comment.
1389 2613 1466 2651 651
1489 2607 1563 2661 D.]
