1721 2974
173 171 254 208 250
613 163 882 219 supplementa
913 169 1175 207 emanationis

171 279 230 319 id.
344 277 429 318 ideo
459 276 570 321 illud.
629 276 751 318 Amb.
774 283 812 317 1.
844 276 943 317 idem
968 278 1032 319 illi
1061 291 1114 320 ut.
1174 280 1311 323 Turio.
1344 282 1481 339 Camp.
1512 287 1613 327 idem

169 345 283 387 illud.

279 415 316 467 ς.
349 419 387 455 3.
445 411 579 455 Hunc.
640 411 773 450 Etiam
799 410 910 456 Flor.
939 414 1045 456 hinc.
1162 418 1256 470 quia
1284 434 1366 459 nec.
1424 416 1550 460 Amb.
1573 425 1612 462 1.

166 481 277 524 Flor.
307 497 463 537 quoque
492 483 681 520 omittunt
709 495 787 520 nec.
873 480 1080 524 distinctis.
1140 482 1275 525 Guelf.
1307 485 1525 527 distinctus,

167 562 338 591 orasore.
407 549 516 589 Flor.
555 550 744 588 oratione.
872 548 1129 592 desideratur.
1186 551 1301 593 Jeus.
1343 553 1466 595 Tarv.
1509 553 1612 596 AJd.

165 618 376 658 desiderat.

281 687 318 738 §.
350 687 390 726 4.
452 682 582 724 Celsus
615 707 672 714 —
691 682 858 738 judicat.
916 683 1042 726 Amb.
1074 691 1113 726 2.
1144 684 1234 727 Par.
1264 692 1303 729 5.
1334 704 1496 745 quoque
1529 688 1613 730 Ve-

165 757 250 795 rius
277 779 333 786 -
356 751 504 807 judice.
560 750 670 791 Flor.
707 767 779 805 pro
822 751 953 792 Celsus
991 755 1035 792 in
1073 769 1198 808 marg.
1232 758 1279 795 ab
1311 758 1451 796 eadem
1479 767 1611 797 vetere

163 838 290 864 manu
339 819 498 860 Verius.
577 818 689 860 Sich.
734 817 917 860 Verrius.
1049 838 1142 862 rem.
1215 822 1423 865 Omittunt
1472 823 1609 867 Guelf.

161 890 286 932 Amb.
317 896 357 930 2.

273 960 309 1011 §.
342 961 380 998 5.
439 955 673 995 destinatam
708 979 764 985 —-
800 955 1024 995 inchoatam
1061 979 1118 987 ——
1150 958 1369 1015 perficiam
1404 961 1610 1015 probatio-

161 1045 260 1068 nem.
319 1025 387 1066 Sio
417 1027 538 1064 etiam
566 1024 676 1062 haud
707 1024 826 1063 dubie
855 1022 982 1064 Amb.
1016 1029 1054 1065 1.
1114 1025 1311 1066 destinata
1338 1052 1395 1058 —-
1423 1028 1609 1068 inchoata

160 1121 219 1128 ——
241 1094 420 1152 perficio.
449 1095 576 1132 oratio
606 1094 726 1130 etiam
754 1090 879 1131 Amb.
900 1097 941 1133 2.
1001 1095 1214 1133 orationem
1242 1110 1314 1148 pro
1339 1095 1608 1148 probationem

158 1163 270 1204 Flor.
382 1172 417 1200 et
448 1160 624 1200 ultimam
652 1161 829 1214 speciem.
887 1157 1012 1199 Amb.
1041 1165 1082 1201 2.
1113 1175 1275 1216 quoque
1305 1161 1442 1202 ultima
1470 1165 1607 1217 specie.

241 1233 373 1286 posita
402 1240 469 1269 esf.
528 1226 652 1268 Amb.
686 1232 723 1267 1.
759 1226 896 1266 Turio.
925 1227 1033 1267 Flor.
1065 1245 1093 1266 e.
1120 1246 1163 1283 p.
1232 1227 1358 1269 Amb.
1388 1236 1429 1270 2.
1460 1233 1607 1270 omittit

159 1309 217 1338 cst
245 1309 283 1339 et
310 1302 523 1352 insequens
554 1312 644 1349 qna.
759 1295 1059 1348 comprehensio.
1119 1295 1254 1335 Etiam
1279 1294 1402 1337 Aan.
1425 1303 1464 1338 2.
1498 1314 1606 1338 com—-

154 1369 320 1424 pressio.
435 1366 647 1403 minimum.
705 1360 830 1402 Aan.
865 1368 902 1402 1.
937 1378 1097 1418 quoque
1125 1366 1291 1404 minime.
1324 1364 1454 1405 >Flor.
1486 1366 1606 1404 mini-

155 1453 217 1476 me
245 1438 300 1476 in.
356 1430 481 1473 Amb.
507 1437 547 1471 2.
575 1430 666 1471 Par.
691 1434 729 1470 1.
747 1436 786 1471 2.
815 1435 855 1470 3.
887 1433 1090 1471 omittunt.

271 1505 306 1556 ᾧ.
349 1507 386 1542 6.
455 1499 715 1555 appellarunt.
787 1497 908 1539 Goth.
955 1498 1094 1552 Camp.
1142 1497 1251 1539 Jens.
1304 1507 1344 1539 et
1381 1500 1472 1540 edd.
1511 1509 1604 1540 ante

155 1571 288 1614 Stoer.
338 1568 639 1624 appellaverunt.
763 1568 1111 1607 ratiocinationem.
1177 1566 1305 1607 Aan.
1344 1572 1380 1607 1.
1414 1574 1454 1609 2.
1493 1568 1602 1609 Flor.

155 1641 249 1682 Par.
284 1644 319 1678 1.
351 1642 390 1679 5.
423 1636 752 1675 ratiocinativum.
807 1620 814 1627 ⁵
863 1633 1036 1673 duxisse.
1093 1634 1231 1674 Turio.
1264 1650 1286 1674 a
1310 1651 1370 1688 pr.
1402 1651 1457 1676 m.
1488 1634 1599 1676 Alm.

154 1708 271 1749 Voss.
301 1711 338 1747 3.
378 1705 543 1744 dixiese.
659 1719 685 1743 α
719 1700 861 1757 syllog.
923 1700 1062 1754 Camp.
1103 1718 1157 1740 ex
1198 1701 1322 1757 sylog.
1433 1703 1599 1744 videtur.

156 1775 292 1818 Guelf.
323 1773 529 1812 videretur.
643 1781 796 1809 statum.
855 1767 979 1808 Aan.
1003 1774 1040 1808 1.
1071 1772 1218 1808 statim.
1316 1769 1602 1825 syllogisticum

153 1870 212 1878 --
240 1854 275 1882 et
305 1841 550 1896 epichirema.
608 1837 676 1878 Sic
703 1836 828 1876 Amb.
851 1841 911 1887 1.‚
944 1838 1081 1876 ceteris
1101 1840 1266 1878 omissis.
1384 1841 1601 1878 ratiocina-

153 1916 287 1953 tivum.
364 1907 487 1949 Goth.
535 1904 674 1959 Camp.
725 1907 1015 1945 rationativum.
1152 1904 1429 1959 ememplisque.
1491 1904 1600 1947 Flor.

153 1979 280 2022 Δῃὼ.
302 1984 342 2018 2.
374 1979 495 2016 etiam
524 1977 711 2028 copulam
745 1975 947 2012 omittunt.
1009 1970 1163 2025 [Quod
1191 1971 1401 2025 Spalding.
1431 1975 1477 2013 in
1504 1983 1603 2016 nota

156 2055 314 2100 exeget.
344 2047 497 2084 nescire
527 2058 568 2083 se
600 2043 722 2090 dixit,
775 2043 860 2095 qujs
893 2039 1126 2094 epichirema
1159 2042 1369 2093 appellarit
1398 2043 1599 2095 rationem,

151 2119 236 2172 ipse
272 2113 317 2153 V
316 2112 481 2154 isellium
508 2113 626 2150 illum
654 2111 773 2148 fuisse
801 2111 1003 2147 intellexit
1031 2109 1082 2147 ad
1110 2106 1192 2159 IX,
1223 2114 1264 2159 2,
1302 2108 1430 2160 1070]

265 2185 300 2236 §.
333 2187 374 2223 7.
427 2177 648 2226 Ἀπόδειξις
686 2187 753 2216 est.
812 2175 941 2217 Amb.
973 2181 1010 2215 1.
1057 2177 1262 2224 αποδιξις,
1311 2192 1405 2216 cum
1442 2175 1598 2230 camp„

152 2268 257 2309 quae
287 2260 341 2289 cst
369 2257 510 2289 servat.
558 2245 683 2286 Amb.
703 2250 743 2286 2.
774 2242 940 2292 dundee}
967 2243 1012 2282 id
1040 2254 1107 2283 est.
1154 2242 1289 2283 Guelf.
1318 2244 1504 2292 επιὸειξις
1530 2256 1599 2286 est.

236 2316 460 2374 γραμμικαὶ
506 2312 739 2362 ἀποδείξεις.
812 2311 917 2352 Flor.
945 2310 1068 2351 Amb.
1099 2316 1140 2352 2.
1170 2327 1445 2366 γραμματικαι
1483 2327 1554 2353 απ.

151 2387 278 2430 Amb.
313 2392 349 2426 1.
379 2397 653 2439 πραγματικαι
684 2379 876 2428 ἀποδιξις.
963 2379 1156 2419 dicuntur.
1216 2377 1339 2419 Amb.
1373 2384 1411 2419 1.
1449 2379 1598 2422 dicunt.

152 2455 292 2509 Camp.
324 2454 483 2493 dicitur.
579 2448 714 2489 Hanc.
772 2447 897 2488 Aan.
925 2452 961 2488 1.
993 2446 1100 2487 Flor.
1135 2446 1273 2500 Camp.
1301 2447 1409 2487 lzaec.
1499 2446 1599 2489 Cae-

152 2522 220 2563 cil.
249 2533 330 2577 put.
365 2519 454 2576 diff.
513 2521 578 2558 sic
610 2520 731 2557 etiam
767 2515 890 2556 Amb.
919 2519 957 2555 1.
980 2520 1020 2555 2.
1053 2514 1157 2554 Flor.
1268 2514 1541 2556 conclusionis.

154 2588 289 2630 Guelf.
320 2587 613 2629 conclusionem.
672 2583 798 2624 Amb.
826 2588 868 2624 2.
897 2582 1017 2623 Voss.
1039 2587 1077 2622 1.
1099 2587 1136 2622 3.
1169 2581 1425 2624 conclusione.
1519 2599 1599 2638 qua

153 2656 246 2697 dix.
306 2655 440 2697 Guelf.
474 2671 593 2711 quam
622 2653 714 2694 clix.
827 2649 993 2707 euthym.
1034 2649 1175 2706 syllog.
1236 2646 1372 2691 Guelf.
1406 2653 1524 2692 inser.
1555 2667 1596 2693 a.
