<?xml version="1.0" encoding="UTF-8"?>
<!DOCTYPE html PUBLIC "-//W3C//DTD XHTML 1.0 Transitional//EN"
    "http://www.w3.org/TR/xhtml1/DTD/xhtml1-transitional.dtd">
<html xmlns="http://www.w3.org/1999/xhtml" xml:lang="en" lang="en">
 <head>
  <title>
</title>
<meta http-equiv="Content-Type" content="text/html;charset=utf-8" />
  <meta name='ocr-system' content='tesseract 3.04.00' />
  <meta name='ocr-capabilities' content='ocr_page ocr_carea ocr_par ocr_line ocrx_word'/>
</head>
<body>
  <div class='ocr_page' id='page_1' title='image "./deinstitutioneor05quinuoft_0307.png"; bbox 0 0 1721 2974; ppageno 0'>
   <div class='ocr_carea' id='block_1_1' title="bbox 399 125 1552 190">
    <p class='ocr_par' dir='ltr' id='par_1_1' title="bbox 399 125 1552 190">
     <span class='ocr_line' id='line_1_1' title="bbox 399 125 1552 190; baseline -0.001 -20"><span class='ocrx_word' id='word_1_1' title='bbox 399 129 453 171; x_wconf 72' lang='lat' dir='ltr'><em>acl</em></span> <span class='ocrx_word' id='word_1_2' title='bbox 485 126 657 183; x_wconf 78' lang='lat' dir='ltr'><em>Quintil.</em></span> <span class='ocrx_word' id='word_1_3' title='bbox 686 125 816 168; x_wconf 76' lang='lat' dir='ltr'><em>Instil.</em></span> <span class='ocrx_word' id='word_1_4' title='bbox 852 125 906 176; x_wconf 71' lang='lat' dir='ltr'><em>V,</em></span> <span class='ocrx_word' id='word_1_5' title='bbox 940 131 1003 190; x_wconf 57' lang='lat'><em>31.</em></span> <span class='ocrx_word' id='word_1_6' title='bbox 1037 127 1074 178; x_wconf 84' lang='lat'><em>§.</em></span> <span class='ocrx_word' id='word_1_7' title='bbox 1110 131 1254 169; x_wconf 79' lang='lat'><strong>1-—9.</strong></span> <span class='ocrx_word' id='word_1_8' title='bbox 1470 138 1552 176; x_wconf 80' lang='grc'><em>275</em></span> 
     </span>
    </p>
   </div>
   <div class='ocr_carea' id='block_1_2' title="bbox 98 239 1617 2730">
    <p class='ocr_par' dir='ltr' id='par_1_2' title="bbox 98 239 1555 634">
     <span class='ocr_line' id='line_1_2' title="bbox 212 239 1553 302; baseline -0.004 -14"><span class='ocrx_word' id='word_1_9' title='bbox 212 249 249 301; x_wconf 60' lang='grc' dir='ltr'><em>ξ.</em></span> <span class='ocrx_word' id='word_1_10' title='bbox 274 251 312 288; x_wconf 85' lang='grc'><em>3.</em></span> <span class='ocrx_word' id='word_1_11' title='bbox 373 261 452 302; x_wconf 79' lang='lat' dir='ltr'><em>qua</em></span> <span class='ocrx_word' id='word_1_12' title='bbox 474 244 580 300; x_wconf 78' lang='lat' dir='ltr'><em>plur.</em></span> <span class='ocrx_word' id='word_1_13' title='bbox 621 241 749 285; x_wconf 80' lang='lat' dir='ltr'><strong>AJub.</strong></span> <span class='ocrx_word' id='word_1_14' title='bbox 774 247 811 283; x_wconf 85' lang='lat'><em>1.</em></span> <span class='ocrx_word' id='word_1_15' title='bbox 836 257 952 299; x_wconf 85' lang='lat' dir='ltr'><em>quam</em></span> <span class='ocrx_word' id='word_1_16' title='bbox 968 239 1025 296; x_wconf 80' lang='lat' dir='ltr'><em>pl.</em></span> <span class='ocrx_word' id='word_1_17' title='bbox 1114 251 1169 281; x_wconf 80' lang='lat' dir='ltr'><em>est</em></span> <span class='ocrx_word' id='word_1_18' title='bbox 1187 240 1302 283; x_wconf 66' lang='grc' dir='ltr'><strong>ὅσον.</strong></span> <span class='ocrx_word' id='word_1_19' title='bbox 1341 243 1410 285; x_wconf 71' lang='lat' dir='ltr'><em>Sic</em></span> <span class='ocrx_word' id='word_1_20' title='bbox 1431 249 1553 288; x_wconf 77' lang='lat' dir='ltr'><em>etiam</em></span> 
     </span>
     <span class='ocr_line' id='line_1_3' title="bbox 98 306 1550 369; baseline -0.003 -12"><span class='ocrx_word' id='word_1_21' title='bbox 98 316 229 357; x_wconf 83' lang='lat' dir='ltr'><em>Amb.</em></span> <span class='ocrx_word' id='word_1_22' title='bbox 257 321 294 355; x_wconf 85' lang='lat'><em>1.</em></span> <span class='ocrx_word' id='word_1_23' title='bbox 317 320 356 356; x_wconf 83' lang='lat'><em>2.</em></span> <span class='ocrx_word' id='word_1_24' title='bbox 387 313 503 354; x_wconf 82' lang='lat' dir='ltr'><em>Flor..</em></span> <span class='ocrx_word' id='word_1_25' title='bbox 587 327 739 351; x_wconf 84' lang='lat' dir='ltr'><em>necesse</em></span> <span class='ocrx_word' id='word_1_26' title='bbox 755 320 866 351; x_wconf 83' lang='lat' dir='ltr'><em>essct.</em></span> <span class='ocrx_word' id='word_1_27' title='bbox 913 308 1051 350; x_wconf 82' lang='lat' dir='ltr'><em>Turio.</em></span> <span class='ocrx_word' id='word_1_28' title='bbox 1075 306 1210 359; x_wconf 81' lang='lat' dir='ltr'><em>Flor.,</em></span> <span class='ocrx_word' id='word_1_29' title='bbox 1240 318 1410 366; x_wconf 81' lang='lat' dir='ltr'><em>uterque</em></span> <span class='ocrx_word' id='word_1_30' title='bbox 1438 330 1461 353; x_wconf 83' lang='lat' dir='ltr'>a</span> <span class='ocrx_word' id='word_1_31' title='bbox 1491 332 1550 369; x_wconf 78' lang='lat' dir='ltr'><em>pr,</em></span> 
     </span>
     <span class='ocr_line' id='line_1_4' title="bbox 99 376 1551 434; baseline -0.004 -9"><span class='ocrx_word' id='word_1_32' title='bbox 99 402 154 426; x_wconf 89' lang='lat' dir='ltr'><em>m.</em></span> <span class='ocrx_word' id='word_1_33' title='bbox 188 401 268 423; x_wconf 81' lang='lat' dir='ltr'><em>nec.</em></span> <span class='ocrx_word' id='word_1_34' title='bbox 293 393 362 422; x_wconf 80' lang='lat' dir='ltr'><em>cst.</em></span> <span class='ocrx_word' id='word_1_35' title='bbox 465 381 686 420; x_wconf 81' lang='lat' dir='ltr'><em>novissime.</em></span> <span class='ocrx_word' id='word_1_36' title='bbox 737 376 922 418; x_wconf 81' lang='lat' dir='ltr'><strong>A1nb.1.</strong></span> <span class='ocrx_word' id='word_1_37' title='bbox 954 378 1168 415; x_wconf 82' lang='lat' dir='ltr'><em>verissima.</em></span> <span class='ocrx_word' id='word_1_38' title='bbox 1216 376 1324 419; x_wconf 84' lang='lat' dir='ltr'><em>Flor.</em></span> <span class='ocrx_word' id='word_1_39' title='bbox 1355 395 1378 419; x_wconf 79' lang='lat' dir='ltr'>a</span> <span class='ocrx_word' id='word_1_40' title='bbox 1406 397 1464 434; x_wconf 86' lang='lat' dir='ltr'><em>pr.</em></span> <span class='ocrx_word' id='word_1_41' title='bbox 1496 400 1551 425; x_wconf 82' lang='lat' dir='ltr'><em>m,</em></span> 
     </span>
     <span class='ocr_line' id='line_1_5' title="bbox 98 444 1555 502; baseline -0.003 -10"><span class='ocrx_word' id='word_1_42' title='bbox 98 456 224 492; x_wconf 76' lang='lat' dir='ltr'>etiam</span> <span class='ocrx_word' id='word_1_43' title='bbox 243 451 453 490; x_wconf 76' lang='lat' dir='ltr'><em>verissime.</em></span> <span class='ocrx_word' id='word_1_44' title='bbox 551 444 758 502; x_wconf 60' lang='lat' dir='ltr'><em>inferebat.</em></span> <span class='ocrx_word' id='word_1_45' title='bbox 805 444 932 485; x_wconf 79' lang='lat' dir='ltr'><em>Aan.</em></span> <span class='ocrx_word' id='word_1_46' title='bbox 949 450 990 486; x_wconf 87' lang='lat'><em>2.</em></span> <span class='ocrx_word' id='word_1_47' title='bbox 1022 459 1182 499; x_wconf 85' lang='lat' dir='ltr'><em>quoque</em></span> <span class='ocrx_word' id='word_1_48' title='bbox 1210 446 1248 483; x_wconf 80' lang='lat' dir='ltr'><em>in</em></span> <span class='ocrx_word' id='word_1_49' title='bbox 1274 459 1385 489; x_wconf 77' lang='lat' dir='ltr'><em>erret.</em></span> <span class='ocrx_word' id='word_1_50' title='bbox 1491 456 1555 491; x_wconf 61' lang='lat' dir='ltr'><em>cui</em></span> 
     </span>
     <span class='ocr_line' id='line_1_6' title="bbox 98 511 1552 568; baseline 0.001 -16"><span class='ocrx_word' id='word_1_51' title='bbox 98 544 157 552; x_wconf 84' lang='grc'><strong>...-</strong></span> <span class='ocrx_word' id='word_1_52' title='bbox 188 520 449 559; x_wconf 78' lang='lat' dir='ltr'><em>concessisset.</em></span> <span class='ocrx_word' id='word_1_53' title='bbox 508 511 635 554; x_wconf 85' lang='lat' dir='ltr'>Amb.</span> <span class='ocrx_word' id='word_1_54' title='bbox 669 518 706 553; x_wconf 87' lang='lat'><em>1.</em></span> <span class='ocrx_word' id='word_1_55' title='bbox 739 518 779 554; x_wconf 85' lang='lat'><em>2.</em></span> <span class='ocrx_word' id='word_1_56' title='bbox 813 528 973 568; x_wconf 86' lang='lat' dir='ltr'><em>quoque</em></span> <span class='ocrx_word' id='word_1_57' title='bbox 1003 523 1121 552; x_wconf 55' lang='lat' dir='ltr'><em>ut*-</em></span> <span class='ocrx_word' id='word_1_58' title='bbox 1142 517 1388 557; x_wconf 80' lang='lat' dir='ltr'><em>concessisse.</em></span> <span class='ocrx_word' id='word_1_59' title='bbox 1442 517 1552 560; x_wconf 80' lang='lat' dir='ltr'><em>Flor,</em></span> 
     </span>
     <span class='ocr_line' id='line_1_7' title="bbox 101 579 1468 634; baseline -0.002 -6"><span class='ocrx_word' id='word_1_60' title='bbox 101 597 206 628; x_wconf 87' lang='lat' dir='ltr'><em>certe</em></span> <span class='ocrx_word' id='word_1_61' title='bbox 226 596 280 626; x_wconf 85' lang='lat' dir='ltr'><em>ut.</em></span> <span class='ocrx_word' id='word_1_62' title='bbox 371 585 560 625; x_wconf 81' lang='lat' dir='ltr'><em>oratione.</em></span> <span class='ocrx_word' id='word_1_63' title='bbox 608 579 737 622; x_wconf 80' lang='lat' dir='ltr'><em>Amb.</em></span> <span class='ocrx_word' id='word_1_64' title='bbox 766 585 803 620; x_wconf 90' lang='lat'><em>1.</em></span> <span class='ocrx_word' id='word_1_65' title='bbox 833 580 941 620; x_wconf 75' lang='lat' dir='ltr'><em>Flor.</em></span> <span class='ocrx_word' id='word_1_66' title='bbox 965 595 988 620; x_wconf 82' lang='lat' dir='ltr'><strong>a</strong></span> <span class='ocrx_word' id='word_1_67' title='bbox 1008 595 1066 634; x_wconf 82' lang='lat' dir='ltr'><em>pr.</em></span> <span class='ocrx_word' id='word_1_68' title='bbox 1088 595 1142 621; x_wconf 87' lang='lat' dir='ltr'><em>m.</em></span> <span class='ocrx_word' id='word_1_69' title='bbox 1165 584 1287 620; x_wconf 81' lang='lat' dir='ltr'>etiam</span> <span class='ocrx_word' id='word_1_70' title='bbox 1306 587 1468 625; x_wconf 73' lang='lat' dir='ltr'><em>rarione.</em></span> 
     </span>
    </p>

    <p class='ocr_par' dir='ltr' id='par_1_3' title="bbox 100 647 1557 1113">
     <span class='ocr_line' id='line_1_8' title="bbox 217 647 1557 706; baseline -0.005 -12"><span class='ocrx_word' id='word_1_71' title='bbox 217 657 253 706; x_wconf 86' lang='lat'><em>§.</em></span> <span class='ocrx_word' id='word_1_72' title='bbox 285 654 325 695; x_wconf 91' lang='grc'><strong>4.</strong></span> <span class='ocrx_word' id='word_1_73' title='bbox 385 653 564 691; x_wconf 75' lang='lat' dir='ltr'><em>sumitur.</em></span> <span class='ocrx_word' id='word_1_74' title='bbox 602 649 697 688; x_wconf 82' lang='lat' dir='ltr'><em>Illa.</em></span> <span class='ocrx_word' id='word_1_75' title='bbox 757 647 825 688; x_wconf 81' lang='lat' dir='ltr'><em>Sic</em></span> <span class='ocrx_word' id='word_1_76' title='bbox 848 651 970 687; x_wconf 80' lang='lat' dir='ltr'>etiam</span> <span class='ocrx_word' id='word_1_77' title='bbox 987 648 1093 691; x_wconf 84' lang='lat' dir='ltr'><em>Flor.</em></span> <span class='ocrx_word' id='word_1_78' title='bbox 1117 664 1140 688; x_wconf 76' lang='lat' dir='ltr'>a</span> <span class='ocrx_word' id='word_1_79' title='bbox 1157 665 1216 702; x_wconf 85' lang='lat' dir='ltr'><em>pr.</em></span> <span class='ocrx_word' id='word_1_80' title='bbox 1235 665 1312 700; x_wconf 88' lang='lat' dir='ltr'><em>m.,</em></span> <span class='ocrx_word' id='word_1_81' title='bbox 1351 661 1391 691; x_wconf 74' lang='lat' dir='ltr'><em>et</em></span> <span class='ocrx_word' id='word_1_82' title='bbox 1413 659 1557 706; x_wconf 65' lang='lat' dir='ltr'><strong>procul</strong></span> 
     </span>
     <span class='ocr_line' id='line_1_9' title="bbox 103 715 1556 778; baseline 0.002 -18"><span class='ocrx_word' id='word_1_83' title='bbox 103 725 226 764; x_wconf 83' lang='lat' dir='ltr'><em>dubio</em></span> <span class='ocrx_word' id='word_1_84' title='bbox 247 721 374 762; x_wconf 88' lang='lat' dir='ltr'>Amb.</span> <span class='ocrx_word' id='word_1_85' title='bbox 401 724 438 760; x_wconf 89' lang='lat'><em>1.</em></span> <span class='ocrx_word' id='word_1_86' title='bbox 546 716 789 757; x_wconf 77' lang='lat' dir='ltr'><em>concedetur.</em></span> <span class='ocrx_word' id='word_1_87' title='bbox 843 715 875 755; x_wconf 85' lang='lat' dir='ltr'>P</span> <span class='ocrx_word' id='word_1_88' title='bbox 879 732 933 755; x_wconf 75' lang='lat' dir='ltr'><em>ar.</em></span> <span class='ocrx_word' id='word_1_89' title='bbox 960 721 996 756; x_wconf 83' lang='lat'><em>1.</em></span> <span class='ocrx_word' id='word_1_90' title='bbox 1022 717 1315 768; x_wconf 74' lang='lat' dir='ltr'><em>concederetur,</em></span> <span class='ocrx_word' id='word_1_91' title='bbox 1354 725 1556 778; x_wconf 75' lang='lat' dir='ltr'><em>ceterique</em></span> 
     </span>
     <span class='ocr_line' id='line_1_10' title="bbox 102 785 1555 842; baseline -0.001 -11"><span class='ocrx_word' id='word_1_92' title='bbox 102 795 187 831; x_wconf 80' lang='lat' dir='ltr'><em>siue</em></span> <span class='ocrx_word' id='word_1_93' title='bbox 207 792 327 830; x_wconf 89' lang='lat' dir='ltr'><em>dubio</em></span> <span class='ocrx_word' id='word_1_94' title='bbox 348 790 418 842; x_wconf 87' lang='lat' dir='ltr'><em>qui</em></span> <span class='ocrx_word' id='word_1_95' title='bbox 435 801 519 826; x_wconf 83' lang='lat' dir='ltr'><em>nou</em></span> <span class='ocrx_word' id='word_1_96' title='bbox 539 790 920 825; x_wconf 83' lang='lat' dir='ltr'>commemorantur.</span> <span class='ocrx_word' id='word_1_97' title='bbox 1027 785 1133 835; x_wconf 73' lang='lat' dir='ltr'><em>Quid</em></span> <span class='ocrx_word' id='word_1_98' title='bbox 1150 810 1208 817; x_wconf 83' lang='lat'><em>--—-</em></span> <span class='ocrx_word' id='word_1_99' title='bbox 1223 792 1555 839; x_wconf 76' lang='lat' dir='ltr'><em>generosissimus.</em></span> 
     </span>
     <span class='ocr_line' id='line_1_11' title="bbox 103 852 1557 911; baseline 0.001 -14"><span class='ocrx_word' id='word_1_100' title='bbox 103 859 171 900; x_wconf 86' lang='lat' dir='ltr'><em>Sic</em></span> <span class='ocrx_word' id='word_1_101' title='bbox 192 861 314 898; x_wconf 79' lang='lat' dir='ltr'>etiam</span> <span class='ocrx_word' id='word_1_102' title='bbox 329 853 456 895; x_wconf 84' lang='lat' dir='ltr'>Amb.</span> <span class='ocrx_word' id='word_1_103' title='bbox 472 860 510 895; x_wconf 85' lang='lat'><em>1.</em></span> <span class='ocrx_word' id='word_1_104' title='bbox 536 858 542 866; x_wconf 85' lang='grc'><strong>’</strong></span> <span class='ocrx_word' id='word_1_105' title='bbox 562 852 657 908; x_wconf 72' lang='lat' dir='ltr'><em>quid</em></span> <span class='ocrx_word' id='word_1_106' title='bbox 678 854 785 906; x_wconf 79' lang='lat' dir='ltr'><em>cquis</em></span> <span class='ocrx_word' id='word_1_107' title='bbox 807 854 874 905; x_wconf 79' lang='lat' dir='ltr'><em>qui</em></span> <span class='ocrx_word' id='word_1_108' title='bbox 889 856 1208 905; x_wconf 77' lang='lat' dir='ltr'><em>generosissimus</em></span> <span class='ocrx_word' id='word_1_109' title='bbox 1236 854 1343 895; x_wconf 83' lang='lat' dir='ltr'><em>Flor.</em></span> <span class='ocrx_word' id='word_1_110' title='bbox 1360 871 1383 895; x_wconf 79' lang='lat' dir='ltr'>a</span> <span class='ocrx_word' id='word_1_111' title='bbox 1403 873 1463 910; x_wconf 83' lang='lat' dir='ltr'><em>pr.</em></span> <span class='ocrx_word' id='word_1_112' title='bbox 1485 874 1557 911; x_wconf 63' lang='lat' dir='ltr'><em>m„</em></span> 
     </span>
     <span class='ocr_line' id='line_1_12' title="bbox 101 918 1557 979; baseline -0.003 -13"><span class='ocrx_word' id='word_1_113' title='bbox 101 942 179 966; x_wconf 79' lang='lat' dir='ltr'><em>sec.</em></span> <span class='ocrx_word' id='word_1_114' title='bbox 203 941 258 964; x_wconf 89' lang='lat' dir='ltr'><em>m.</em></span> <span class='ocrx_word' id='word_1_115' title='bbox 281 941 317 978; x_wconf 84' lang='lat' dir='ltr'><em>q.</em></span> <span class='ocrx_word' id='word_1_116' title='bbox 340 940 456 977; x_wconf 77' lang='lat' dir='ltr'><em>equus</em></span> <span class='ocrx_word' id='word_1_117' title='bbox 475 937 564 975; x_wconf 76' lang='lat' dir='ltr'><em>gen.</em></span> <span class='ocrx_word' id='word_1_118' title='bbox 619 918 753 961; x_wconf 85' lang='lat' dir='ltr'><strong>Guelf.</strong></span> <span class='ocrx_word' id='word_1_119' title='bbox 776 919 875 973; x_wconf 70' lang='lat' dir='ltr'><em>quid</em></span> <span class='ocrx_word' id='word_1_120' title='bbox 897 944 953 950; x_wconf 88' lang='lat'><em>——</em></span> <span class='ocrx_word' id='word_1_121' title='bbox 969 925 1210 973; x_wconf 67' lang='lat' dir='ltr'><em>generosum.</em></span> <span class='ocrx_word' id='word_1_122' title='bbox 1319 940 1441 962; x_wconf 77' lang='lat' dir='ltr'><em>nonne</em></span> <span class='ocrx_word' id='word_1_123' title='bbox 1460 942 1498 979; x_wconf 73' lang='lat' dir='ltr'><em>q.</em></span> <span class='ocrx_word' id='word_1_124' title='bbox 1521 944 1557 967; x_wconf 80' lang='grc' dir='ltr'><em>ο,</em></span> 
     </span>
     <span class='ocr_line' id='line_1_13' title="bbox 100 986 1557 1047; baseline 0.001 -16"><span class='ocrx_word' id='word_1_125' title='bbox 100 1003 138 1042; x_wconf 26' lang='grc' dir='ltr'><em>,εἰ</em></span> <span class='ocrx_word' id='word_1_126' title='bbox 155 992 214 1047; x_wconf 81' lang='lat' dir='ltr'><em>pl.</em></span> <span class='ocrx_word' id='word_1_127' title='bbox 261 990 390 1030; x_wconf 88' lang='lat' dir='ltr'>Amb.</span> <span class='ocrx_word' id='word_1_128' title='bbox 420 995 458 1030; x_wconf 91' lang='lat'><em>1.</em></span> <span class='ocrx_word' id='word_1_129' title='bbox 490 1003 687 1043; x_wconf 82' lang='lat' dir='ltr'><em>nonneque</em></span> <span class='ocrx_word' id='word_1_130' title='bbox 714 1004 754 1042; x_wconf 82' lang='lat' dir='ltr'><em>q.</em></span> <span class='ocrx_word' id='word_1_131' title='bbox 782 1003 817 1027; x_wconf 88' lang='lat'><em>0.</em></span> <span class='ocrx_word' id='word_1_132' title='bbox 838 996 895 1025; x_wconf 84' lang='lat' dir='ltr'><em>est</em></span> <span class='ocrx_word' id='word_1_133' title='bbox 911 986 970 1041; x_wconf 79' lang='lat' dir='ltr'><em>pl.</em></span> <span class='ocrx_word' id='word_1_134' title='bbox 1060 988 1276 1045; x_wconf 75' lang='lat' dir='ltr'><em>fatendum</em></span> <span class='ocrx_word' id='word_1_135' title='bbox 1294 993 1380 1031; x_wconf 77' lang='lat' dir='ltr'><em>erit.</em></span> <span class='ocrx_word' id='word_1_136' title='bbox 1432 991 1557 1035; x_wconf 84' lang='lat' dir='ltr'><em>Goth.</em></span> 
     </span>
     <span class='ocr_line' id='line_1_14' title="bbox 101 1055 841 1113; baseline -0.008 -12"><span class='ocrx_word' id='word_1_137' title='bbox 101 1076 186 1100; x_wconf 87' lang='lat' dir='ltr'><em>non</em></span> <span class='ocrx_word' id='word_1_138' title='bbox 207 1062 376 1110; x_wconf 81' lang='lat' dir='ltr'><em>omittit,</em></span> <span class='ocrx_word' id='word_1_139' title='bbox 407 1055 529 1113; x_wconf 53' lang='lat' dir='ltr'><em>&#39;quod</em></span> <span class='ocrx_word' id='word_1_140' title='bbox 548 1055 670 1097; x_wconf 84' lang='lat' dir='ltr'><em>Gesn.</em></span> <span class='ocrx_word' id='word_1_141' title='bbox 692 1064 841 1095; x_wconf 82' lang='lat' dir='ltr'><strong>narrat.</strong></span> 
     </span>
    </p>

    <p class='ocr_par' dir='ltr' id='par_1_4' title="bbox 103 1121 1617 1519">
     <span class='ocr_line' id='line_1_15' title="bbox 218 1121 1560 1181; baseline 0.004 -16"><span class='ocrx_word' id='word_1_142' title='bbox 218 1129 254 1179; x_wconf 82' lang='lat'><em>§.</em></span> <span class='ocrx_word' id='word_1_143' title='bbox 286 1131 324 1168; x_wconf 89' lang='grc'><strong>5.</strong></span> <span class='ocrx_word' id='word_1_144' title='bbox 384 1127 535 1164; x_wconf 81' lang='lat' dir='ltr'><em>etenim.</em></span> <span class='ocrx_word' id='word_1_145' title='bbox 586 1123 695 1164; x_wconf 88' lang='lat' dir='ltr'><em>Flor.</em></span> <span class='ocrx_word' id='word_1_146' title='bbox 730 1121 855 1164; x_wconf 87' lang='lat' dir='ltr'>Amb.</span> <span class='ocrx_word' id='word_1_147' title='bbox 878 1128 916 1164; x_wconf 85' lang='lat'><em>2.</em></span> <span class='ocrx_word' id='word_1_148' title='bbox 944 1121 1036 1164; x_wconf 83' lang='lat' dir='ltr'><em>Par.</em></span> <span class='ocrx_word' id='word_1_149' title='bbox 1071 1129 1108 1165; x_wconf 80' lang='lat'><em>1.</em></span> <span class='ocrx_word' id='word_1_150' title='bbox 1132 1129 1172 1166; x_wconf 87' lang='grc'><strong>2.</strong></span> <span class='ocrx_word' id='word_1_151' title='bbox 1198 1129 1236 1166; x_wconf 86' lang='grc'><em>5.</em></span> <span class='ocrx_word' id='word_1_152' title='bbox 1267 1123 1407 1181; x_wconf 79' lang='lat' dir='ltr'><strong>Calnp.</strong></span> <span class='ocrx_word' id='word_1_153' title='bbox 1439 1132 1560 1170; x_wconf 75' lang='lat' dir='ltr'><em>etiam</em></span> 
     </span>
     <span class='ocr_line' id='line_1_16' title="bbox 105 1193 1558 1252; baseline 0.001 -17"><span class='ocrx_word' id='word_1_154' title='bbox 105 1206 173 1235; x_wconf 82' lang='lat' dir='ltr'><em>aut</em></span> <span class='ocrx_word' id='word_1_155' title='bbox 203 1198 320 1234; x_wconf 87' lang='lat' dir='ltr'><em>enim.</em></span> <span class='ocrx_word' id='word_1_156' title='bbox 371 1193 500 1235; x_wconf 82' lang='lat' dir='ltr'>Amb.</span> <span class='ocrx_word' id='word_1_157' title='bbox 537 1198 573 1232; x_wconf 90' lang='lat'><em>1.</em></span> <span class='ocrx_word' id='word_1_158' title='bbox 605 1203 647 1231; x_wconf 76' lang='lat' dir='ltr'><em>ut</em></span> <span class='ocrx_word' id='word_1_159' title='bbox 668 1193 790 1243; x_wconf 80' lang='lat' dir='ltr'><em>enim,</em></span> <span class='ocrx_word' id='word_1_160' title='bbox 831 1194 969 1231; x_wconf 78' lang='lat' dir='ltr'><em>abrasa</em></span> <span class='ocrx_word' id='word_1_161' title='bbox 1000 1194 1115 1231; x_wconf 81' lang='lat' dir='ltr'><em>litera</em></span> <span class='ocrx_word' id='word_1_162' title='bbox 1136 1203 1270 1233; x_wconf 75' lang='lat' dir='ltr'><em>aante</em></span> <span class='ocrx_word' id='word_1_163' title='bbox 1292 1205 1347 1235; x_wconf 74' lang='lat' dir='ltr'><em>ut.</em></span> <span class='ocrx_word' id='word_1_164' title='bbox 1463 1200 1558 1252; x_wconf 78' lang='lat' dir='ltr'><em>ipsc.</em></span> 
     </span>
     <span class='ocr_line' id='line_1_17' title="bbox 107 1254 1560 1319; baseline 0.001 -15"><span class='ocrx_word' id='word_1_165' title='bbox 107 1254 244 1304; x_wconf 52' lang='lat' dir='ltr'><strong>Guelf·</strong></span> <span class='ocrx_word' id='word_1_166' title='bbox 268 1264 360 1316; x_wconf 77' lang='lat' dir='ltr'><em>ipsi.</em></span> <span class='ocrx_word' id='word_1_167' title='bbox 449 1261 659 1300; x_wconf 74' lang='lat' dir='ltr'><em>hominum.</em></span> <span class='ocrx_word' id='word_1_168' title='bbox 709 1257 835 1299; x_wconf 81' lang='lat' dir='ltr'><em>Amb.</em></span> <span class='ocrx_word' id='word_1_169' title='bbox 858 1264 895 1299; x_wconf 84' lang='lat'><em>1.</em></span> <span class='ocrx_word' id='word_1_170' title='bbox 919 1257 1058 1312; x_wconf 69' lang='lat' dir='ltr'>Camp.</span> <span class='ocrx_word' id='word_1_171' title='bbox 1080 1260 1286 1302; x_wconf 75' lang='lat' dir='ltr'><em>hominem.</em></span> <span class='ocrx_word' id='word_1_172' title='bbox 1373 1275 1408 1302; x_wconf 81' lang='lat' dir='ltr'><em>e!</em></span> <span class='ocrx_word' id='word_1_173' title='bbox 1429 1282 1560 1319; x_wconf 78' lang='lat' dir='ltr'><em>equus.</em></span> 
     </span>
     <span class='ocr_line' id='line_1_18' title="bbox 105 1326 1564 1386; baseline -0.004 -15"><span class='ocrx_word' id='word_1_174' title='bbox 105 1331 174 1372; x_wconf 81' lang='lat' dir='ltr'><em>Sic</em></span> <span class='ocrx_word' id='word_1_175' title='bbox 198 1333 320 1370; x_wconf 79' lang='lat' dir='ltr'><em>etiam</em></span> <span class='ocrx_word' id='word_1_176' title='bbox 337 1328 446 1369; x_wconf 89' lang='lat' dir='ltr'><em>Flor.</em></span> <span class='ocrx_word' id='word_1_177' title='bbox 468 1327 596 1369; x_wconf 73' lang='lat' dir='ltr'><em>Amb.</em></span> <span class='ocrx_word' id='word_1_178' title='bbox 619 1333 659 1367; x_wconf 87' lang='grc'><em>2.</em></span> <span class='ocrx_word' id='word_1_179' title='bbox 681 1326 773 1367; x_wconf 84' lang='lat' dir='ltr'><strong>Par.</strong></span> <span class='ocrx_word' id='word_1_180' title='bbox 799 1332 836 1367; x_wconf 86' lang='lat'><em>1.</em></span> <span class='ocrx_word' id='word_1_181' title='bbox 860 1333 899 1367; x_wconf 89' lang='grc'><em>2.</em></span> <span class='ocrx_word' id='word_1_182' title='bbox 919 1331 957 1366; x_wconf 84' lang='grc'><em>3.</em></span> <span class='ocrx_word' id='word_1_183' title='bbox 1053 1327 1248 1368; x_wconf 77' lang='lat' dir='ltr'><em>claritate.</em></span> <span class='ocrx_word' id='word_1_184' title='bbox 1300 1329 1440 1386; x_wconf 76' lang='lat' dir='ltr'>Camp,</span> <span class='ocrx_word' id='word_1_185' title='bbox 1464 1333 1564 1373; x_wconf 60' lang='lat' dir='ltr'><em>cele..</em></span> 
     </span>
     <span class='ocr_line' id='line_1_19' title="bbox 106 1393 1617 1448; baseline 0.005 -11"><span class='ocrx_word' id='word_1_186' title='bbox 106 1401 234 1438; x_wconf 78' lang='lat' dir='ltr'><em>ritate.</em></span> <span class='ocrx_word' id='word_1_187' title='bbox 331 1397 513 1437; x_wconf 70' lang='lat' dir='ltr'><em>excellet.</em></span> <span class='ocrx_word' id='word_1_188' title='bbox 567 1394 707 1448; x_wconf 83' lang='lat' dir='ltr'>Camp.</span> <span class='ocrx_word' id='word_1_189' title='bbox 731 1393 909 1434; x_wconf 68' lang='lat' dir='ltr'><em>excellit.</em></span> <span class='ocrx_word' id='word_1_190' title='bbox 1015 1394 1258 1438; x_wconf 75' lang='lat' dir='ltr'><em>Similitudo.</em></span> <span class='ocrx_word' id='word_1_191' title='bbox 1312 1396 1434 1442; x_wconf 83' lang='lat' dir='ltr'><em>Amb.</em></span> <span class='ocrx_word' id='word_1_192' title='bbox 1462 1407 1497 1441; x_wconf 85' lang='grc'><em>1.</em></span> <span class='ocrx_word' id='word_1_193' title='bbox 1521 1409 1562 1444; x_wconf 83' lang='grc'><em>2.</em></span> <span class='ocrx_word' id='word_1_194' title='bbox 1614 1408 1617 1409; x_wconf 52' lang='grc'>’</span> 
     </span>
     <span class='ocr_line' id='line_1_20' title="bbox 103 1461 1026 1519; baseline -0.003 -13"><span class='ocrx_word' id='word_1_195' title='bbox 103 1465 213 1507; x_wconf 84' lang='lat' dir='ltr'><em>Flor.</em></span> <span class='ocrx_word' id='word_1_196' title='bbox 230 1466 323 1507; x_wconf 84' lang='lat' dir='ltr'><strong>Par.</strong></span> <span class='ocrx_word' id='word_1_197' title='bbox 349 1471 386 1507; x_wconf 86' lang='lat'><em>1.</em></span> <span class='ocrx_word' id='word_1_198' title='bbox 410 1471 450 1507; x_wconf 87' lang='grc'><em>2.</em></span> <span class='ocrx_word' id='word_1_199' title='bbox 475 1471 513 1505; x_wconf 86' lang='grc'><em>3.</em></span> <span class='ocrx_word' id='word_1_200' title='bbox 548 1479 710 1519; x_wconf 86' lang='lat' dir='ltr'><em>quoque</em></span> <span class='ocrx_word' id='word_1_201' title='bbox 732 1461 1026 1503; x_wconf 74' lang='lat' dir='ltr'><em>dissimilitudo.</em></span> 
     </span>
    </p>

    <p class='ocr_par' dir='ltr' id='par_1_5' title="bbox 100 1529 1567 1993">
     <span class='ocr_line' id='line_1_21' title="bbox 220 1529 1565 1589; baseline 0.001 -15"><span class='ocrx_word' id='word_1_202' title='bbox 220 1536 258 1585; x_wconf 84' lang='lat'><em>§.</em></span> <span class='ocrx_word' id='word_1_203' title='bbox 293 1539 331 1574; x_wconf 90' lang='grc'><em>6.</em></span> <span class='ocrx_word' id='word_1_204' title='bbox 391 1543 518 1572; x_wconf 74' lang='lat' dir='ltr'><em>autem</em></span> <span class='ocrx_word' id='word_1_205' title='bbox 539 1543 608 1573; x_wconf 80' lang='lat' dir='ltr'><em>est.</em></span> <span class='ocrx_word' id='word_1_206' title='bbox 653 1531 792 1571; x_wconf 78' lang='lat' dir='ltr'><em>Turio.</em></span> <span class='ocrx_word' id='word_1_207' title='bbox 816 1529 923 1570; x_wconf 86' lang='lat' dir='ltr'><em>Flor.</em></span> <span class='ocrx_word' id='word_1_208' title='bbox 953 1546 976 1570; x_wconf 86' lang='lat' dir='ltr'>a</span> <span class='ocrx_word' id='word_1_209' title='bbox 995 1546 1055 1584; x_wconf 85' lang='lat' dir='ltr'><em>pr.</em></span> <span class='ocrx_word' id='word_1_210' title='bbox 1078 1546 1134 1571; x_wconf 77' lang='lat' dir='ltr'><em>m,</em></span> <span class='ocrx_word' id='word_1_211' title='bbox 1156 1543 1282 1573; x_wconf 78' lang='lat' dir='ltr'><em>autem</em></span> <span class='ocrx_word' id='word_1_212' title='bbox 1307 1537 1400 1589; x_wconf 71' lang='lat' dir='ltr'><em>ejus,</em></span> <span class='ocrx_word' id='word_1_213' title='bbox 1495 1549 1565 1578; x_wconf 74' lang='lat' dir='ltr'><em>aut</em></span> 
     </span>
     <span class='ocr_line' id='line_1_22' title="bbox 104 1600 1476 1652; baseline 0.003 -11"><span class='ocrx_word' id='word_1_214' title='bbox 104 1613 160 1641; x_wconf 76' lang='lat' dir='ltr'><em>ut.</em></span> <span class='ocrx_word' id='word_1_215' title='bbox 207 1600 336 1643; x_wconf 81' lang='lat' dir='ltr'><em>Amb.</em></span> <span class='ocrx_word' id='word_1_216' title='bbox 361 1606 398 1643; x_wconf 91' lang='lat'><em>1.</em></span> <span class='ocrx_word' id='word_1_217' title='bbox 431 1607 457 1639; x_wconf 79' lang='grc' dir='ltr'><em>ιῐ</em></span> <span class='ocrx_word' id='word_1_218' title='bbox 484 1612 544 1650; x_wconf 76' lang='lat' dir='ltr'><em>ut,</em></span> <span class='ocrx_word' id='word_1_219' title='bbox 585 1603 695 1640; x_wconf 75' lang='lat' dir='ltr'>linea</span> <span class='ocrx_word' id='word_1_220' title='bbox 722 1602 988 1652; x_wconf 81' lang='lat' dir='ltr'><em>superscripta</em></span> <span class='ocrx_word' id='word_1_221' title='bbox 1017 1608 1075 1639; x_wconf 86' lang='lat' dir='ltr'><em>est</em></span> <span class='ocrx_word' id='word_1_222' title='bbox 1102 1603 1302 1641; x_wconf 81' lang='lat' dir='ltr'><em>secundae</em></span> <span class='ocrx_word' id='word_1_223' title='bbox 1319 1619 1476 1646; x_wconf 82' lang='lat' dir='ltr'><em>manus.</em></span> 
     </span>
     <span class='ocr_line' id='line_1_23' title="bbox 100 1666 1565 1725; baseline 0.004 -17"><span class='ocrx_word' id='word_1_224' title='bbox 100 1668 425 1725; x_wconf 72' lang='lat' dir='ltr'><em>persuadendum.</em></span> <span class='ocrx_word' id='word_1_225' title='bbox 484 1666 620 1710; x_wconf 84' lang='lat' dir='ltr'>Guelf.</span> <span class='ocrx_word' id='word_1_226' title='bbox 657 1666 784 1708; x_wconf 88' lang='lat' dir='ltr'><em>Amb.</em></span> <span class='ocrx_word' id='word_1_227' title='bbox 817 1673 856 1708; x_wconf 88' lang='lat'><em>2.</em></span> <span class='ocrx_word' id='word_1_228' title='bbox 900 1666 1154 1708; x_wconf 75' lang='lat' dir='ltr'><em>suadendum.</em></span> <span class='ocrx_word' id='word_1_229' title='bbox 1276 1672 1398 1724; x_wconf 67' lang='lat' dir='ltr'><em>igitur</em></span> <span class='ocrx_word' id='word_1_230' title='bbox 1427 1683 1565 1715; x_wconf 73' lang='lat' dir='ltr'><em>totum.</em></span> 
     </span>
     <span class='ocr_line' id='line_1_24' title="bbox 103 1734 1567 1797; baseline 0.003 -19"><span class='ocrx_word' id='word_1_231' title='bbox 103 1736 232 1778; x_wconf 88' lang='lat' dir='ltr'><em>Amb.</em></span> <span class='ocrx_word' id='word_1_232' title='bbox 257 1743 294 1777; x_wconf 93' lang='lat'><em>1.</em></span> <span class='ocrx_word' id='word_1_233' title='bbox 314 1740 435 1777; x_wconf 84' lang='lat' dir='ltr'><em>inser.</em></span> <span class='ocrx_word' id='word_1_234' title='bbox 456 1747 524 1776; x_wconf 79' lang='lat' dir='ltr'><em>est.</em></span> <span class='ocrx_word' id='word_1_235' title='bbox 623 1744 666 1774; x_wconf 76' lang='lat' dir='ltr'><em>ut</em></span> <span class='ocrx_word' id='word_1_236' title='bbox 687 1745 767 1777; x_wconf 79' lang='lat' dir='ltr'><em>aut.</em></span> <span class='ocrx_word' id='word_1_237' title='bbox 817 1734 944 1776; x_wconf 83' lang='lat' dir='ltr'><em>Amb.</em></span> <span class='ocrx_word' id='word_1_238' title='bbox 969 1741 1006 1776; x_wconf 90' lang='lat'><em>1.</em></span> <span class='ocrx_word' id='word_1_239' title='bbox 1038 1734 1147 1776; x_wconf 85' lang='lat' dir='ltr'><em>Flor.</em></span> <span class='ocrx_word' id='word_1_240' title='bbox 1178 1751 1201 1776; x_wconf 80' lang='lat' dir='ltr'>a</span> <span class='ocrx_word' id='word_1_241' title='bbox 1229 1753 1290 1791; x_wconf 84' lang='lat' dir='ltr'><em>pr.</em></span> <span class='ocrx_word' id='word_1_242' title='bbox 1322 1755 1378 1780; x_wconf 86' lang='lat' dir='ltr'><em>m.</em></span> <span class='ocrx_word' id='word_1_243' title='bbox 1407 1754 1567 1797; x_wconf 86' lang='lat' dir='ltr'><em>quoque</em></span> 
     </span>
     <span class='ocr_line' id='line_1_25' title="bbox 104 1803 1481 1857; baseline 0.003 -13"><span class='ocrx_word' id='word_1_244' title='bbox 104 1808 298 1845; x_wconf 84' lang='lat' dir='ltr'><em>omittunt</em></span> <span class='ocrx_word' id='word_1_245' title='bbox 328 1814 391 1853; x_wconf 83' lang='lat' dir='ltr'><em>ut,</em></span> <span class='ocrx_word' id='word_1_246' title='bbox 433 1820 512 1844; x_wconf 88' lang='lat' dir='ltr'><em>sec.</em></span> <span class='ocrx_word' id='word_1_247' title='bbox 540 1819 598 1843; x_wconf 84' lang='lat' dir='ltr'><em>m.</em></span> <span class='ocrx_word' id='word_1_248' title='bbox 622 1806 877 1857; x_wconf 78' lang='lat' dir='ltr'><em>transposuit.</em></span> <span class='ocrx_word' id='word_1_249' title='bbox 991 1814 1114 1843; x_wconf 72' lang='lat' dir='ltr'><em>erunt.</em></span> <span class='ocrx_word' id='word_1_250' title='bbox 1165 1803 1292 1845; x_wconf 77' lang='lat' dir='ltr'><em>Amb.</em></span> <span class='ocrx_word' id='word_1_251' title='bbox 1319 1812 1356 1847; x_wconf 84' lang='lat'><em>1.</em></span> <span class='ocrx_word' id='word_1_252' title='bbox 1380 1818 1481 1849; x_wconf 80' lang='lat' dir='ltr'><em>sunt.</em></span> 
     </span>
     <span class='ocr_line' id='line_1_26' title="bbox 104 1869 1563 1932; baseline 0.004 -21"><span class='ocrx_word' id='word_1_253' title='bbox 104 1872 352 1912; x_wconf 79' lang='lat' dir='ltr'><em>Saturninus.</em></span> <span class='ocrx_word' id='word_1_254' title='bbox 398 1870 519 1912; x_wconf 85' lang='lat' dir='ltr'><em>Voss.</em></span> <span class='ocrx_word' id='word_1_255' title='bbox 545 1875 585 1923; x_wconf 63' lang='grc'><em>3.</em></span> <span class='ocrx_word' id='word_1_256' title='bbox 617 1869 758 1924; x_wconf 84' lang='lat' dir='ltr'>Camp.</span> <span class='ocrx_word' id='word_1_257' title='bbox 780 1871 1004 1912; x_wconf 80' lang='lat' dir='ltr'><em>Saturnius.</em></span> <span class='ocrx_word' id='word_1_258' title='bbox 1096 1870 1283 1915; x_wconf 76' lang='lat' dir='ltr'><em>Gracchi.</em></span> <span class='ocrx_word' id='word_1_259' title='bbox 1334 1874 1441 1916; x_wconf 84' lang='lat' dir='ltr'><em>Flor.</em></span> <span class='ocrx_word' id='word_1_260' title='bbox 1463 1893 1486 1917; x_wconf 79' lang='lat' dir='ltr'>a</span> <span class='ocrx_word' id='word_1_261' title='bbox 1503 1894 1563 1932; x_wconf 84' lang='lat' dir='ltr'><em>pr.</em></span> 
     </span>
     <span class='ocr_line' id='line_1_27' title="bbox 104 1937 1104 1993; baseline -0.001 -12"><span class='ocrx_word' id='word_1_262' title='bbox 104 1956 161 1981; x_wconf 87' lang='lat' dir='ltr'><em>m.</em></span> <span class='ocrx_word' id='word_1_263' title='bbox 186 1938 358 1993; x_wconf 74' lang='lat' dir='ltr'><em>Gragci‚</em></span> <span class='ocrx_word' id='word_1_264' title='bbox 407 1954 431 1978; x_wconf 83' lang='lat' dir='ltr'>a</span> <span class='ocrx_word' id='word_1_265' title='bbox 458 1954 538 1979; x_wconf 83' lang='lat' dir='ltr'><em>sec.</em></span> <span class='ocrx_word' id='word_1_266' title='bbox 577 1937 716 1989; x_wconf 84' lang='lat' dir='ltr'><em>Greci,</em></span> <span class='ocrx_word' id='word_1_267' title='bbox 756 1942 802 1978; x_wconf 89' lang='lat' dir='ltr'><em>in</em></span> <span class='ocrx_word' id='word_1_268' title='bbox 824 1954 950 1992; x_wconf 83' lang='lat' dir='ltr'>marg.</span> <span class='ocrx_word' id='word_1_269' title='bbox 974 1948 1019 1980; x_wconf 88' lang='lat' dir='ltr'><em>ut</em></span> <span class='ocrx_word' id='word_1_270' title='bbox 1041 1939 1104 1981; x_wconf 86' lang='lat' dir='ltr'><em>ed.</em></span> 
     </span>
    </p>

    <p class='ocr_par' dir='ltr' id='par_1_6' title="bbox 105 2005 1570 2264">
     <span class='ocr_line' id='line_1_28' title="bbox 221 2005 1480 2061; baseline 0.004 -14"><span class='ocrx_word' id='word_1_271' title='bbox 221 2011 256 2061; x_wconf 85' lang='lat'><em>§.</em></span> <span class='ocrx_word' id='word_1_272' title='bbox 289 2012 329 2048; x_wconf 90' lang='grc'><em>7.</em></span> <span class='ocrx_word' id='word_1_273' title='bbox 387 2005 601 2046; x_wconf 77' lang='lat' dir='ltr'><em>molientes.</em></span> <span class='ocrx_word' id='word_1_274' title='bbox 649 2005 788 2046; x_wconf 82' lang='lat' dir='ltr'><em>Turio.</em></span> <span class='ocrx_word' id='word_1_275' title='bbox 822 2005 949 2047; x_wconf 84' lang='lat' dir='ltr'><em>Amb.</em></span> <span class='ocrx_word' id='word_1_276' title='bbox 985 2013 1025 2048; x_wconf 88' lang='grc'><em>2.</em></span> <span class='ocrx_word' id='word_1_277' title='bbox 1058 2012 1177 2050; x_wconf 81' lang='lat' dir='ltr'><em>Voss.</em></span> <span class='ocrx_word' id='word_1_278' title='bbox 1208 2014 1243 2049; x_wconf 85' lang='lat'><em>3.</em></span> <span class='ocrx_word' id='word_1_279' title='bbox 1271 2009 1480 2053; x_wconf 71' lang='lat' dir='ltr'><em>molientis.</em></span> 
     </span>
     <span class='ocr_line' id='line_1_29' title="bbox 107 2072 1569 2133; baseline 0.004 -20"><span class='ocrx_word' id='word_1_280' title='bbox 107 2074 256 2115; x_wconf 69' lang='lat' dir='ltr'><em>eadem.</em></span> <span class='ocrx_word' id='word_1_281' title='bbox 304 2072 432 2114; x_wconf 85' lang='lat' dir='ltr'>Amb.</span> <span class='ocrx_word' id='word_1_282' title='bbox 459 2079 494 2114; x_wconf 92' lang='lat'><em>1.</em></span> <span class='ocrx_word' id='word_1_283' title='bbox 519 2073 668 2114; x_wconf 79' lang='lat' dir='ltr'><em>iisdem.</em></span> <span class='ocrx_word' id='word_1_284' title='bbox 719 2073 858 2114; x_wconf 81' lang='lat' dir='ltr'><em>Turio.</em></span> <span class='ocrx_word' id='word_1_285' title='bbox 890 2073 997 2114; x_wconf 87' lang='lat' dir='ltr'><em>Flor.</em></span> <span class='ocrx_word' id='word_1_286' title='bbox 1017 2073 1141 2116; x_wconf 88' lang='lat' dir='ltr'>Alm.&#39;</span> <span class='ocrx_word' id='word_1_287' title='bbox 1157 2077 1320 2125; x_wconf 76' lang='lat' dir='ltr'><em>eisdem,</em></span> <span class='ocrx_word' id='word_1_288' title='bbox 1358 2081 1468 2133; x_wconf 84' lang='lat' dir='ltr'><em>quod</em></span> <span class='ocrx_word' id='word_1_289' title='bbox 1485 2096 1569 2121; x_wconf 86' lang='lat' dir='ltr'><em>nou</em></span> 
     </span>
     <span class='ocr_line' id='line_1_30' title="bbox 105 2140 1570 2195; baseline 0.004 -13"><span class='ocrx_word' id='word_1_290' title='bbox 105 2144 305 2182; x_wconf 85' lang='lat' dir='ltr'><em>immerito</em></span> <span class='ocrx_word' id='word_1_291' title='bbox 326 2144 544 2195; x_wconf 81' lang='lat' dir='ltr'><em>praeferas.·</em></span> <span class='ocrx_word' id='word_1_292' title='bbox 630 2157 685 2181; x_wconf 81' lang='lat' dir='ltr'><em>ex</em></span> <span class='ocrx_word' id='word_1_293' title='bbox 704 2141 778 2182; x_wconf 75' lang='lat' dir='ltr'><em>his.</em></span> <span class='ocrx_word' id='word_1_294' title='bbox 828 2140 954 2182; x_wconf 86' lang='lat' dir='ltr'>Amb.</span> <span class='ocrx_word' id='word_1_295' title='bbox 969 2148 1010 2183; x_wconf 87' lang='lat'><em>2.</em></span> <span class='ocrx_word' id='word_1_296' title='bbox 1034 2159 1089 2182; x_wconf 80' lang='lat' dir='ltr'><em>ex</em></span> <span class='ocrx_word' id='word_1_297' title='bbox 1110 2146 1157 2184; x_wconf 85' lang='lat' dir='ltr'><em>is.</em></span> <span class='ocrx_word' id='word_1_298' title='bbox 1249 2145 1415 2185; x_wconf 78' lang='lat' dir='ltr'><em>eosdem.</em></span> <span class='ocrx_word' id='word_1_299' title='bbox 1462 2147 1570 2190; x_wconf 67' lang='lat' dir='ltr'><em>flor.</em></span> 
     </span>
     <span class='ocr_line' id='line_1_31' title="bbox 107 2208 453 2264; baseline -0.009 -14"><span class='ocrx_word' id='word_1_300' title='bbox 107 2226 132 2250; x_wconf 89' lang='lat' dir='ltr'>a</span> <span class='ocrx_word' id='word_1_301' title='bbox 157 2226 218 2264; x_wconf 86' lang='lat' dir='ltr'><em>pr.</em></span> <span class='ocrx_word' id='word_1_302' title='bbox 250 2224 307 2249; x_wconf 84' lang='lat'><strong>111.</strong></span> <span class='ocrx_word' id='word_1_303' title='bbox 341 2208 453 2248; x_wconf 76' lang='lat' dir='ltr'><em>colle.</em></span> 
     </span>
    </p>

    <p class='ocr_par' dir='ltr' id='par_1_7' title="bbox 109 2273 1571 2468">
     <span class='ocr_line' id='line_1_32' title="bbox 222 2273 1569 2335; baseline 0.005 -17"><span class='ocrx_word' id='word_1_304' title='bbox 222 2278 258 2330; x_wconf 85' lang='lat'><em>§.</em></span> <span class='ocrx_word' id='word_1_305' title='bbox 293 2281 333 2318; x_wconf 91' lang='grc'><em>8.</em></span> <span class='ocrx_word' id='word_1_306' title='bbox 390 2279 430 2316; x_wconf 87' lang='lat' dir='ltr'><em>in</em></span> <span class='ocrx_word' id='word_1_307' title='bbox 448 2279 514 2316; x_wconf 82' lang='lat' dir='ltr'><em>iis.</em></span> <span class='ocrx_word' id='word_1_308' title='bbox 562 2273 689 2317; x_wconf 86' lang='lat' dir='ltr'><em>Amb.</em></span> <span class='ocrx_word' id='word_1_309' title='bbox 713 2282 750 2318; x_wconf 89' lang='lat'><em>1.</em></span> <span class='ocrx_word' id='word_1_310' title='bbox 770 2283 810 2319; x_wconf 89' lang='grc'><em>2.</em></span> <span class='ocrx_word' id='word_1_311' title='bbox 836 2276 972 2319; x_wconf 74' lang='lat' dir='ltr'><em>Guelf.</em></span> <span class='ocrx_word' id='word_1_312' title='bbox 997 2276 1120 2320; x_wconf 83' lang='lat' dir='ltr'><em>Goth.</em></span> <span class='ocrx_word' id='word_1_313' title='bbox 1146 2278 1286 2335; x_wconf 80' lang='lat' dir='ltr'>Camp.</span> <span class='ocrx_word' id='word_1_314' title='bbox 1308 2291 1347 2322; x_wconf 85' lang='lat' dir='ltr'><em>et</em></span> <span class='ocrx_word' id='word_1_315' title='bbox 1367 2283 1454 2322; x_wconf 83' lang='lat' dir='ltr'><em>edd.</em></span> <span class='ocrx_word' id='word_1_316' title='bbox 1477 2294 1569 2324; x_wconf 76' lang='lat' dir='ltr'><em>ante</em></span> 
     </span>
     <span class='ocr_line' id='line_1_33' title="bbox 110 2343 1571 2397; baseline 0.004 -11"><span class='ocrx_word' id='word_1_317' title='bbox 110 2345 242 2387; x_wconf 88' lang='lat' dir='ltr'><em>Colin.</em></span> <span class='ocrx_word' id='word_1_318' title='bbox 261 2377 271 2397; x_wconf 86' lang='lat'>‚</span> <span class='ocrx_word' id='word_1_319' title='bbox 315 2360 425 2385; x_wconf 86' lang='lat' dir='ltr'>excc.</span> <span class='ocrx_word' id='word_1_320' title='bbox 448 2344 551 2385; x_wconf 89' lang='lat' dir='ltr'><strong>Ald.</strong></span> <span class='ocrx_word' id='word_1_321' title='bbox 573 2343 674 2385; x_wconf 82' lang='lat' dir='ltr'><strong>Bad.</strong></span> <span class='ocrx_word' id='word_1_322' title='bbox 701 2344 869 2397; x_wconf 80' lang='lat' dir='ltr'><em>Cervic.,</em></span> <span class='ocrx_word' id='word_1_323' title='bbox 890 2348 931 2385; x_wconf 84' lang='lat' dir='ltr'><em>in</em></span> <span class='ocrx_word' id='word_1_324' title='bbox 949 2345 1023 2386; x_wconf 74' lang='lat' dir='ltr'><em>his.</em></span> <span class='ocrx_word' id='word_1_325' title='bbox 1109 2347 1293 2389; x_wconf 76' lang='lat' dir='ltr'><em>dicemus.</em></span> <span class='ocrx_word' id='word_1_326' title='bbox 1338 2348 1474 2391; x_wconf 87' lang='lat' dir='ltr'>Guelf.</span> <span class='ocrx_word' id='word_1_327' title='bbox 1499 2351 1571 2392; x_wconf 81' lang='lat' dir='ltr'><em>clo-</em></span> 
     </span>
     <span class='ocr_line' id='line_1_34' title="bbox 109 2412 957 2468; baseline 0 -13"><span class='ocrx_word' id='word_1_328' title='bbox 109 2430 246 2455; x_wconf 84' lang='lat' dir='ltr'><em>cemus.</em></span> <span class='ocrx_word' id='word_1_329' title='bbox 351 2424 522 2468; x_wconf 73' lang='lat' dir='ltr'><em>occupet.</em></span> <span class='ocrx_word' id='word_1_330' title='bbox 576 2412 714 2453; x_wconf 81' lang='lat' dir='ltr'><em>Turio.</em></span> <span class='ocrx_word' id='word_1_331' title='bbox 741 2425 957 2468; x_wconf 77' lang='lat' dir='ltr'><em>occuper-et.</em></span> 
     </span>
    </p>

    <p class='ocr_par' dir='ltr' id='par_1_8' title="bbox 110 2479 1566 2672">
     <span class='ocr_line' id='line_1_35' title="bbox 222 2479 1484 2542; baseline 0.006 -21"><span class='ocrx_word' id='word_1_332' title='bbox 222 2485 258 2535; x_wconf 88' lang='lat'><em>§.</em></span> <span class='ocrx_word' id='word_1_333' title='bbox 279 2487 315 2523; x_wconf 85' lang='lat'><em>9.</em></span> <span class='ocrx_word' id='word_1_334' title='bbox 362 2492 458 2522; x_wconf 80' lang='lat' dir='ltr'><em>tota.</em></span> <span class='ocrx_word' id='word_1_335' title='bbox 506 2479 642 2522; x_wconf 88' lang='lat' dir='ltr'><em>Guelf.</em></span> <span class='ocrx_word' id='word_1_336' title='bbox 667 2496 748 2521; x_wconf 89' lang='lat' dir='ltr'><em>om.</em></span> <span class='ocrx_word' id='word_1_337' title='bbox 838 2498 893 2521; x_wconf 75' lang='lat' dir='ltr'><em>ex</em></span> <span class='ocrx_word' id='word_1_338' title='bbox 912 2484 1143 2537; x_wconf 78' lang='lat' dir='ltr'><em>majoribus.</em></span> <span class='ocrx_word' id='word_1_339' title='bbox 1184 2484 1325 2540; x_wconf 83' lang='lat' dir='ltr'>Camp.</span> <span class='ocrx_word' id='word_1_340' title='bbox 1345 2503 1370 2526; x_wconf 81' lang='lat' dir='ltr'><strong><em>a</em></strong></span> <span class='ocrx_word' id='word_1_341' title='bbox 1391 2490 1484 2542; x_wconf 76' lang='lat' dir='ltr'><em>maj.</em></span> 
     </span>
     <span class='ocr_line' id='line_1_36' title="bbox 110 2546 1566 2605; baseline 0.006 -17"><span class='ocrx_word' id='word_1_342' title='bbox 110 2549 323 2589; x_wconf 79' lang='lat' dir='ltr'><em>minoribus</em></span> <span class='ocrx_word' id='word_1_343' title='bbox 342 2549 394 2589; x_wconf 74' lang='lat' dir='ltr'><em>ad</em></span> <span class='ocrx_word' id='word_1_344' title='bbox 410 2551 577 2604; x_wconf 83' lang='lat' dir='ltr'><em>majora.</em></span> <span class='ocrx_word' id='word_1_345' title='bbox 620 2546 755 2590; x_wconf 81' lang='lat' dir='ltr'>Guelf.</span> <span class='ocrx_word' id='word_1_346' title='bbox 779 2547 904 2591; x_wconf 86' lang='lat' dir='ltr'><em>Goth.</em></span> <span class='ocrx_word' id='word_1_347' title='bbox 925 2553 1140 2605; x_wconf 79' lang='lat' dir='ltr'><em>majoribus</em></span> <span class='ocrx_word' id='word_1_348' title='bbox 1160 2554 1214 2592; x_wconf 76' lang='lat' dir='ltr'><em>ad</em></span> <span class='ocrx_word' id='word_1_349' title='bbox 1232 2557 1400 2596; x_wconf 76' lang='lat' dir='ltr'><em>minora.</em></span> <span class='ocrx_word' id='word_1_350' title='bbox 1480 2556 1566 2598; x_wconf 69' lang='lat' dir='ltr'><em>(luc.</em></span> 
     </span>
     <span class='ocr_line' id='line_1_37' title="bbox 113 2614 1484 2672; baseline 0.006 -16"><span class='ocrx_word' id='word_1_351' title='bbox 113 2614 293 2672; x_wconf 82' lang='lat' dir='ltr'><em>Propter.</em></span> <span class='ocrx_word' id='word_1_352' title='bbox 342 2616 410 2660; x_wconf 81' lang='lat' dir='ltr'><em>Sic</em></span> <span class='ocrx_word' id='word_1_353' title='bbox 432 2620 554 2659; x_wconf 78' lang='lat' dir='ltr'><em>etiam</em></span> <span class='ocrx_word' id='word_1_354' title='bbox 576 2615 703 2659; x_wconf 87' lang='lat' dir='ltr'>Amb.</span> <span class='ocrx_word' id='word_1_355' title='bbox 728 2621 764 2658; x_wconf 88' lang='lat'><em>1.</em></span> <span class='ocrx_word' id='word_1_356' title='bbox 785 2620 928 2672; x_wconf 75' lang='lat' dir='ltr'><em>procul</em></span> <span class='ocrx_word' id='word_1_357' title='bbox 951 2620 1088 2672; x_wconf 87' lang='lat' dir='ltr'><em>dubio,</em></span> <span class='ocrx_word' id='word_1_358' title='bbox 1123 2619 1245 2664; x_wconf 85' lang='lat' dir='ltr'><em>Goth.</em></span> <span class='ocrx_word' id='word_1_359' title='bbox 1264 2624 1381 2663; x_wconf 77' lang='lat' dir='ltr'><em>inser,</em></span> <span class='ocrx_word' id='word_1_360' title='bbox 1403 2620 1484 2665; x_wconf 74' lang='lat' dir='ltr'><em>sed.</em></span> 
     </span>
    </p>

    <p class='ocr_par' dir='ltr' id='par_1_9' title="bbox 1019 2687 1104 2730">
     <span class='ocr_line' id='line_1_38' title="bbox 1019 2687 1104 2730; baseline -0.012 0"><span class='ocrx_word' id='word_1_361' title='bbox 1019 2687 1048 2730; x_wconf 87' lang='lat' dir='ltr'>S</span> <span class='ocrx_word' id='word_1_362' title='bbox 1080 2694 1104 2729; x_wconf 86' lang='lat'><strong>2</strong></span> 
     </span>
    </p>
   </div>
  </div>
 </body>
</html>
