1721 2974
229 168 283 210 aa
313 167 476 222 Quintil.
507 167 642 209 Instar.
674 168 710 221 I,
742 172 780 209 6.
812 169 848 222 ς.
874 167 942 209 44.
965 169 1033 213 45,
1094 172 1135 212 7.
1170 146 1208 221 ς.
1244 173 1393 216 1-16
1481 181 1530 218 51

203 284 240 335 §.
270 288 310 324 9.
371 282 445 322 Est
477 293 511 321 et
542 285 581 322 in
613 281 751 322 Turio.
781 281 888 323 Flor.
919 278 1042 321 Amb.
1065 286 1105 322 2.
1138 279 1280 336 Camp.
1309 282 1411 327 Obr.
1442 289 1532 330 fort,

88 350 212 392 Amb.
235 356 272 392 1.
388 350 570 404 ΙΙαιῚιςῙ).
601 349 738 389 Turio.
761 348 887 389 Amb.
913 353 949 388 1.
983 347 1123 402 Camp.
1237 349 1438 406 relinquet,
1469 371 1535 395 re-

90 429 253 472 ceptum
282 433 306 457 a
335 417 474 471 Spald.
505 432 525 455 e
553 419 655 467 conj.
672 448 683 468 ,
724 419 887 469 praebet
913 413 1037 456 Amb.
1066 420 1104 456 1.

202 487 241 539 §.
275 490 341 526 10.
400 485 627 539 signficant
668 486 791 523 etiam
819 483 928 525 Jens.
959 482 1079 523 Tarv.
1111 481 1201 524 Par.
1225 490 1263 525 2.
1322 488 1534 544 signifieat,

90 562 247 606 praeter
276 555 374 592 alios
404 551 495 592 Par.
519 557 557 591 1.
581 556 619 591 6.
655 549 797 604 Camp.
911 553 990 590 vim
1018 567 1050 590 ε.
1081 566 1168 591 voe.
1200 550 1338 594 Turic.
1372 554 1510 611 Camp.

205 621 239 672 §.
275 625 340 659 11.
403 617 496 672 [De
534 618 576 658 ,Ω
615 627 655 657 et
695 615 742 658 οὗ
782 619 863 659 vid.
904 618 1168 659 Plutaxchum
1208 620 1257 658 de
1295 619 1452 664 Garrul.
1494 632 1535 677 2,

93 692 175 729 513
204 685 257 728 A.
293 686 501 727 Φιλίππου
527 682 768 739 γράψαντος
807 686 842 725 εἴ
869 684 1052 737 δέχονται
1079 688 1130 740 τῇ
1158 684 1270 726 πόλει
1300 687 1443 742 αὐτὸν,
1483 692 1540 741 εἷς

87 753 246 810 χάρτην
277 752 325 794 οὐ
353 751 457 807 μέγα
486 751 720 807 γράψαντες
750 750 999 794 ἀπέστειλαν.
1049 751 1212 806 Spald.]

205 823 237 875 ξ.
272 826 338 862 12.
398 819 593 874 adjectum
621 818 797 858 ultimum
825 818 953 860 Amb.
977 825 1039 872 1.‚
1068 831 1114 861 ut
1143 826 1310 876 conjecit
1338 823 1458 867 Gesn.

94 892 134 930 in
169 889 350 944 plurimis
394 889 500 927 verb.
543 886 680 927 Turic-
752 889 791 925 in
825 886 1004 941 pluribus
1042 890 1147 930 verb.
1184 890 1324 947 Camp.
1438 895 1544 938 Julio

94 955 218 998 Amb.
247 962 281 996 1.
311 966 356 996 ut
386 957 476 996 edd.
508 964 604 995 vett.
641 953 684 995 C.
716 970 796 994 om.
830 959 951 994 etiam
983 955 1120 998 Turio.
1150 957 1256 1000 Flor.
1291 959 1429 1017 Cfflnp.

96 1027 263 1064 inierim.
322 1023 516 1063 interdum
542 1022 682 1063 Turio.
715 1038 737 1061 a
768 1038 845 1063 sec.
876 1037 930 1062 m.
973 1023 1111 1076 (cujus
1140 1028 1232 1065 libri
1260 1038 1455 1070 corrector
1482 1033 1546 1071 in·-

96 1095 208 1132 ierim
237 1093 397 1132 videtur
427 1092 579 1143 odisset,
620 1093 721 1130 solet
754 1093 863 1128 enim
894 1106 1050 1145 semper
1077 1095 1159 1132 fere
1184 1098 1394 1137 emendare
1425 1102 1548 1139 inter-

98 1160 213 1209 dum,
245 1160 355 1214 quod
384 1159 530 1198 deinde
551 1161 595 1197 in
627 1161 724 1198 alios
745 1159 899 1198 codices
920 1158 1072 1215 fluxit).
1106 1160 1246 1216 Camp.
1361 1181 1550 1221 vesper-ng

101 1243 180 1268 om.
210 1226 347 1267 Turio.
381 1226 523 1279 Camp.
554 1225 662 1266 Flor.
705 1241 727 1265 a
757 1242 817 1279 pr.
849 1241 906 1266 m.
964 1242 1134 1281 vesprug
1160 1227 1283 1271 Amb.
1306 1237 1347 1274 2,
1387 1232 1494 1274 Flor,
1527 1250 1549 1275 a

99 1311 176 1335 sec.
207 1310 262 1335 m.
295 1294 417 1334 Paris.
441 1299 479 1333 3.
508 1299 546 1334 5.
573 1297 610 1333 6.
643 1292 755 1333 Slch.
870 1297 1159 1347 vesperuginem
1189 1300 1310 1336 etiam
1349 1298 1476 1342 Amb.
1508 1308 1546 1343 1,

100 1372 238 1402 contra
269 1361 370 1402 Obr.
401 1369 550 1400 tuetur.
608 1359 734 1400 Paris.
758 1365 794 1400 1.
819 1363 989 1414 vesperi,
1021 1365 1218 1414 aeruginei
1237 1365 1352 1418 quod.
1414 1367 1548 1408 Turio.

98 1445 217 1484 ves-pu
235 1431 452 1482 eruginem,
482 1430 620 1481 paullo
642 1430 778 1479 aliter,
811 1442 856 1467 ac
889 1426 1027 1480 Spald.
1060 1431 1104 1467 iu
1132 1427 1240 1473 Add.
1272 1435 1396 1488 praef.
1419 1437 1512 1476 Vol.
1530 1435 1552 1478 I

100 1513 140 1551 p.
173 1493 413 1536 LXXVIII
439 1497 575 1536 refert.

215 1568 252 1618 §.
287 1568 353 1604 13.
413 1572 470 1601 est
505 1570 594 1615 post
635 1577 785 1602 necesse
820 1564 940 1602 inser.
971 1562 1109 1606 TurIc.
1139 1563 1247 1606 Flor.
1281 1566 1401 1611 Bodl.
1432 1569 1551 1613 Voss.

105 1638 144 1673 1.
165 1637 204 1673 3.
238 1631 388 1685 Camp.?
403 1629 524 1670 Tarv.
549 1628 658 1669 Ven.
681 1627 777 1670 Ald.
800 1628 912 1671 Sich.
937 1628 1092 1687 Gryph.
1117 1632 1217 1675 Obr.
1248 1633 1343 1676 fort.
1362 1635 1488 1678 Amb.
1511 1645 1551 1681 1.

184 1699 418 1740 scribebant.
478 1699 669 1752 scriptum
697 1696 834 1737 Turic.
869 1713 892 1737 a
920 1714 980 1752 pr.
1007 1714 1063 1740 111.
1122 1704 1311 1757 seriptum
1332 1715 1388 1743 est
1409 1704 1551 1761 Camp.

103 1766 242 1808 Turio.
269 1782 291 1807 a
310 1782 366 1807 m.
389 1782 468 1806 sec.
585 1767 644 1803 ita
675 1768 867 1805 omittunt
893 1769 1015 1806 etiam
1046 1766 1171 1809 Paris.
1197 1774 1234 1811 1.
1268 1769 1406 1812 Turio.
1428 1771 1550 1814 Amb.

104 1841 145 1877 2.
179 1834 320 1888 Camp.
353 1833 509 1888 Gryph.
540 1835 714 1873 verisim.
774 1830 897 1873 Amb.
925 1838 962 1873 1.
995 1839 1114 1874 eiiam
1144 1838 1201 1875 ita
1231 1852 1309 1878 om.
1342 1838 1454 1880 Sich.

221 1905 255 1956 ᾗ,
290 1904 357 1943 14.
417 1901 508 1940 Sem
534 1900 647 1953 gud.
684 1900 822 1958 nonf
854 1904 976 1941 etiam
1004 1902 1127 1943 Paris.
1155 1909 1192 1944 1.
1214 1911 1253 1945 2.
1283 1904 1418 1947 Turio.
1447 1907 1553 1949 Flor-

107 1968 231 2010 Amb.
255 1975 292 2008 1.
313 1975 352 2010 2.
390 1967 559 2020 Camp.3
609 1977 812 2021 receptam
849 1972 1001 2021 primus
1043 1972 1152 2010 dedit
1182 1970 1436 2027 Cervicorn.‚
1477 1980 1555 2017 nisi

109 2041 211 2077 forte
239 2039 319 2086 jam
348 2044 406 2074 est
433 2037 478 2073 in
504 2033 605 2074 Bad.
628 2040 668 2075 2.
785 2039 896 2089 atqui
924 2036 1092 2078 e·A1nb.
1119 2044 1156 2078 1.
1198 2054 1222 2078 a
1252 2055 1329 2080 sec.
1360 2057 1415 2082 m.

226 2106 258 2157 ᾗ.
293 2106 360 2143 15.
418 2111 614 2140 uterentur
642 2117 736 2141 cum
766 2100 899 2141 Guelf.
929 2107 1046 2143 inser.
1078 2103 1200 2146 Amb.
1230 2111 1270 2146 2.
1388 2096 1557 2150 discret&¹

47 2193 51 2199 *
112 2183 182 2212 est.
238 2169 302 2210 Ita
338 2172 461 2209 etiam
487 2167 627 2208 Turio.
666 2168 772 2208 Flor.
814 2168 955 2223 Camp.
981 2170 1071 2211 Par.
1105 2177 1142 2212 1.
1170 2178 1209 2213 2.
1240 2177 1304 2225 6.;
1350 2173 1555 2218 Ambross.

111 2242 294 2280 silentur.
409 2235 500 2274 Jam
532 2237 656 2289 pueri.
713 2235 752 2274 J.
788 2240 921 2289 puerei
959 2239 1048 2279 edd.
1094 2249 1191 2280 vett.
1223 2245 1398 2294 multaet,
1441 2261 1560 2297 puer-e

115 2306 258 2361 (quod
299 2305 443 2344 eodem
493 2303 636 2342 ducere
681 2305 839 2342 monuit
885 2302 985 2357 Sp.)
1033 2305 1170 2347 Turic.
1210 2306 1317 2347 Flor.
1362 2307 1484 2351 Aan.
1517 2316 1556 2352 1.

117 2373 261 2427 Camp.
301 2374 384 2412 3111
501 2386 520 2408 e
557 2379 683 2424 postr.
723 2380 759 2407 et
795 2381 922 2423 postr.
955 2371 1091 2414 Turio.
1121 2373 1229 2415 Flor.
1261 2374 1383 2417 Amb.
1407 2381 1444 2417 1.

108 2436 177 2479 vUt
202 2442 346 2494 puerei.
411 2437 457 2477 U.
488 2439 600 2492 pueri
626 2436 762 2477 Tuxic.
794 2436 900 2478 Flor.
932 2437 1052 2480 Amb.
1078 2446 1114 2488 1,
1150 2441 1288 2496 Camp.
1315 2442 1422 2484 ven,
1446 2447 1556 2485 Gibs,

196 2507 286 2563 fur-i
309 2510 431 2546 etiam
448 2505 585 2546 Tuxic.
607 2504 713 2544 Flor.
736 2503 876 2558 Camp.
899 2504 1020 2546 Amb.
1043 2513 1082 2549 2.
1109 2512 1190 2550 alii.
1234 2511 1353 2568 fieri
1378 2509 1498 2554 Amb.
1522 2518 1559 2553 1·

237 2577 272 2625 §.
303 2580 367 2615 16.
426 2590 501 2628 qno
541 2573 692 2627 quidem
731 2571 866 2612 Turio.
896 2588 918 2612 a
949 2590 1007 2628 pr.
1035 2591 1086 2616 m.
1124 2576 1230 2617 Flor.
1265 2571 1384 2619 Amb.
1416 2585 1452 2620 1,

123 2645 231 2684 aurei
261 2644 456 2696 argentei5
504 2644 558 2682 ita
602 2645 721 2682 etiam
762 2640 880 2682 Paris.
912 2647 949 2684 1.
979 2648 1017 2684 2.
1048 2648 1085 2684 3.
1125 2643 1261 2687 Turio.
1297 2645 1423 2687 Amb.
1454 2652 1490 2687 1.
1521 2651 1560 2688 2.

1011 2709 1150 2769 132„
