1721 2974
426 164 479 204 acl
510 164 673 219 Quintil.
706 164 837 205 Inslc't.
872 163 906 215 Ῑ,
939 170 977 206 5.
1011 166 1045 217 §.
1080 166 1274 204 46—63.
1526 171 1577 208 ³9

124 279 219 318 inde
244 277 397 333 gallice
428 278 507 320 val.
540 277 675 320 Guelf.
706 279 853 320 Joann.
885 275 1003 318 Voss.
1025 283 1063 318 3.
1098 276 1221 318 Goth.
1256 276 1396 332 Camp.
1421 289 1458 318 et
1479 281 1575 319 reli-

123 362 228 401 quae
257 347 348 387 edd.
380 355 472 387 ante
504 345 660 401 Gryph.
773 349 1015 401 petorritum.
1060 361 1223 400 qnorum
1242 347 1376 385 altero.
1433 343 1572 388 Turio.

123 417 203 456 ita:
251 419 488 470 petet-ritum
526 417 739 454 morior-um
779 413 875 466 alt.;
921 417 976 454 sic
1016 417 1136 454 etiam
1173 412 1306 465 Flor.,
1356 415 1434 453 nisi
1466 415 1576 469 quod

106 484 174 523 val.
207 499 261 523 m.
294 485 466 523 correxit
494 485 733 534 morionum,
776 492 816 523 et
843 484 1010 522 inseruit
1039 498 1214 537 quorum.
1283 479 1410 522 Amb.
1437 486 1477 522 1.
1505 499 1574 537 pe-

122 553 498 590 101·.ritumoriorum
517 548 588 589 alt.
651 548 790 604 Camp.
822 561 970 605 peior-r.
998 552 1192 603 mnjorum
1226 547 1295 589 alt.
1353 546 1525 589 Gemina
1555 567 1576 588 r

120 620 247 657 utitur
288 621 409 657 etiam
446 616 572 657 Amb.
602 623 641 658 2.
705 618 1015 672 [Spaldingium
1053 626 1190 658 notam
1220 631 1332 657 suam
1363 616 1413 656 de
1440 626 1575 671 pelor-

121 686 197 724 rito
237 687 521 725 emendantem
556 687 646 737 lege
683 689 727 724 in
768 689 893 739 praef.
935 688 1028 728 Vol.
1058 683 1078 725 Ῑ
1108 702 1146 739 p.
1176 682 1374 725 LXXVI
1403 694 1443 725 et
1472 685 1573 724 adde

119 752 230 806 quod
268 751 541 791 Buttmannus
582 753 813 805 adscripsit,
862 768 946 791 non
988 769 1068 792 esse
1096 752 1276 793 Aeolum
1310 750 1475 808 πέτορες
1502 767 1574 806 pro

116 817 333 873 τέσσαρες,
374 820 444 858 sed
482 818 689 873 τέτορες.]
808 830 937 858 tamen
979 819 1113 861 Cicero
1151 818 1272 861 Amb.
1304 825 1342 862 1.
1467 823 1575 860 circo

119 903 270 942 quoque
292 890 428 926 usitat.
448 886 555 926 Flor.
579 884 701 926 Amb.
722 892 762 926 2,
784 885 907 927 l‘ariS.
932 893 996 939 5.;
1031 904 1111 928 acc.
1131 888 1253 928 Paris.
1278 893 1315 929 1.
1346 898 1386 928 et
1406 886 1572 928 Turic.:

119 956 247 994 cicero
277 971 428 1009 quoque
456 956 570 1005 usit„
612 970 703 994 cum
736 953 902 1008 Camp.‚
946 959 1016 1009 qni
1046 959 1164 1009 plane
1196 957 1336 996 eadem
1369 956 1503 1005 habet,
1537 965 1575 995 et

116 1019 239 1062 Amb.
284 1027 348 1063 1.:
411 1039 543 1076 mapp.
588 1024 770 1077 circoque
809 1026 899 1063 usil.
960 1023 1144 1077 mapalia:
1173 1041 1322 1079 quoque
1369 1023 1492 1064 Paris.
1534 1027 1572 1062 2.

117 1090 322 1145 mappalia
363 1089 510 1130 Joann.
555 1089 672 1130 Voss.
710 1095 748 1131 1.
779 1096 819 1131 2.
859 1096 897 1131 3.
940 1089 1061 1131 Goth.
1132 1109 1315 1147 mappam
1355 1093 1574 1132 defendunt

117 1155 259 1198 Turio.
291 1158 398 1198 Flor.
430 1174 521 1197 cum
554 1161 653 1198 aliis.

232 1227 267 1277 §.
300 1231 367 1267 58.
423 1228 634 1280 praecipue
662 1243 904 1279 sermoncm‚·
944 1231 999 1267 ita
1030 1225 1152 1269 Gesn.
1183 1230 1274 1267 fort.
1308 1225 1430 1269 Goth.
1461 1243 1576 1268 secu-

117 1303 204 1346 tust,
235 1297 384 1348 priores
415 1309 550 1334 omnes
574 1311 689 1334 serm.
712 1311 847 1350 praec.
865 1327 876 1347 ‚
905 1298 1019 1334 nulla
1049 1296 1165 1335 codd.
1194 1299 1399 1335 varietate.
1459 1312 1572 1335 serm.

114 1378 249 1417 praec.
281 1363 425 1401 diserte
456 1362 652 1401 exhibent
683 1361 818 1403 Guelf.
853 1362 995 1416 Calup.
1114 1379 1386 1417 nonnunquam
1415 1379 1440 1402 α
1467 1363 1575 1403 nohis

117 1427 257 1470 Turio.
298 1429 405 1469 Flor.
449 1428 584 1470 Guelf.
619 1428 760 1484 Camp.

231 1502 266 1551 §.
311 1502 375 1537 60.
448 1497 622 1536 omnibus
670 1513 749 1538 om.
792 1501 912 1538 etiam
949 1497 1074 1538 Paris.
1108 1503 1144 1537 1.
1175 1503 1217 1539 2.
1257 1495 1408 1550 Tarv.;
1459 1498 1572 1537 codd.

116 1562 219 1606 Tur.
243 1552 368 1605 ⁴Flor.
408 1564 563 1605 Ambb.
604 1568 776 1606 retinere
804 1567 1005 1607 videntur.
1124 1576 1158 1604 et
1190 1575 1283 1605 ante
1313 1576 1355 1604 ut
1389 1565 1576 1605 Palaemo

115 1649 195 1674 om.
225 1631 414 1674 Amb.1.
533 1650 582 1673 ac
615 1632 807 1687 Telanzo5
843 1638 899 1674 ita
930 1637 1051 1674 etiam
1082 1631 1223 1674 Turio.
1254 1633 1362 1674 Flor.
1390 1631 1512 1673 Amb.
1535 1639 1573 1673 2,

116 1701 232 1756 (fort.
274 1700 400 1742 Amb.
435 1700 503 1758 1.)
548 1699 690 1755 Camp.
751 1703 810 1741 sic
843 1701 928 1742 Tel.
970 1701 1110 1743 Burm.
1154 1705 1235 1742 alii.
1351 1712 1387 1740 et
1430 1700 1575 1751 Plato,-

111 1773 169 1810 ita
199 1773 321 1810 etiam
353 1765 495 1823 Camp.
528 1769 618 1811 Par.
642 1775 681 1810 1.
703 1775 742 1810 2.
768 1774 830 1820 6.,
882 1779 921 1810 et
950 1773 1021 1809 alii
1047 1772 1248 1823 profecto,
1291 1772 1363 1825 qui
1391 1771 1573 1809 silentur.

116 1835 214 1892 [Cf.
247 1836 387 1892 SpaJd.
416 1839 541 1891 praef.
573 1836 671 1878 Vol.
702 1835 723 1876 I
759 1853 799 1891 p.
830 1836 1077 1890 LXXVI.]
1136 1838 1278 1878 Latini
1307 1840 1428 1878 etiam
1454 1836 1574 1878 Paris.

116 1912 154 1947 1.
185 1912 226 1948 2.

226 1973 262 2024 §.
296 1977 363 2012 61.
423 1972 562 2013 Paelia
600 1971 728 2013 Amb.
764 1977 801 2013 1.
919 1983 959 2011 ut
989 1972 1173 2012 Anchisa
1201 1970 1342 2013 Turio.
1377 1988 1399 2012 a
1429 1988 1488 2025 pr.
1521 1986 1573 2010 m.

113 2040 220 2081 Flor.
260 2036 382 2079 Amb.
416 2045 453 2079 1.
496 2056 519 2079 a
558 2057 618 2093 pr.
658 2055 713 2080 m.
756 2037 878 2079 Amb.
910 2047 949 2081 2.
994 2038 1131 2081 G-uelf.
1173 2043 1290 2081 Voss.
1321 2045 1418 2080 1.3.
1449 2037 1572 2080 Bern.

115 2105 259 2160 Camp.
330 2116 372 2145 at
410 2105 548 2147 Turic.
580 2122 602 2146 a
633 2123 687 2147 m.
718 2122 795 2148 sec.
826 2105 950 2148 Amb.
975 2112 1012 2147 1.
1044 2123 1066 2147 a
1095 2123 1149 2149 m.
1180 2124 1258 2148 sec.
1321 2105 1420 2161 [Cf.
1450 2109 1572 2161 praef.

110 2175 210 2216 Vol.
241 2173 262 2214 I
291 2191 330 2228 p.
362 2172 606 2226 LXXVI]

227 2243 263 2295 §.
308 2246 372 2283 62.
442 2246 481 2281 εί
523 2252 577 2282 ul.
647 2245 748 2282 sicut
784 2242 976 2282 mendose
1023 2241 1160 2283 Turio.
1208 2242 1316 2283 Flor.
1365 2241 1487 2283 Amb.
1534 2247 1571 2282 1.

114 2307 286 2364 camp„
334 2318 380 2349 ut
420 2307 570 2350 Almel.
687 2310 859 2366 Sqfenas
895 2309 1032 2350 Turio,
1073 2309 1182 2350 Flor.
1222 2307 1342 2350 Bodl.
1374 2309 1497 2351 Amb.
1533 2315 1569 2350 1.

197 2381 249 2417 tis
294 2377 462 2433 syllaba.
523 2394 561 2416 cs
598 2376 688 2432 syll.
730 2377 837 2418 Flor.
877 2376 1003 2418 Paris.
1038 2382 1074 2417 1.
1105 2383 1144 2418 2.
1204 2377 1294 2433 syll.
1337 2380 1388 2417 iis
1425 2375 1568 2432 Camp.

114 2449 165 2486 tis
195 2461 274 2487 om.
307 2445 471 2497 Turio„
510 2455 553 2485 ut
582 2442 731 2486 Almel.
801 2443 851 2485 In
890 2443 1014 2485 Amb.
1040 2450 1078 2485 1.
1118 2446 1370 2486 fortasse-est
1397 2435 1568 2499 recepta.

199 2513 341 2569 syllal).
371 2513 470 2554 mccl.
500 2513 637 2554 Turio.
669 2512 776 2554 Flor.
807 2512 928 2554 Amb.
952 2518 988 2553 1.
1022 2509 1166 2568 Camp.
1283 2514 1569 2568 insequentibus

114 2580 234 2622 Amb.
277 2588 314 2622 1.

227 2652 264 2703 ᾗ.
294 2655 360 2691 63.
420 2649 576 2691 Achilli
592 2660 626 2690 et
650 2648 782 2689 Ulixi.
828 2647 891 2690 Ul.
914 2660 949 2689 el
967 2649 1072 2691 Ach.
1093 2649 1228 2691 Turio.
1251 2649 1357 2691 Flor.
1381 2648 1501 2690 Amb.
1530 2655 1564 2688 1.
