1721 2974
188 145 265 184 394
614 138 890 196 Supplcmenta
933 139 1197 180 annotationis

297 258 334 307 §.
368 256 436 298 54.
494 271 571 295 non
588 254 731 294 dicam.
762 251 830 292 Sic
850 250 942 291 Par,
968 256 1004 291 1.
1029 256 1067 291 6.
1126 268 1171 290 m-
1189 251 1318 292 dicam
1336 252 1427 294 Par.
1451 261 1490 295 2.

297 328 332 376 ξ.
365 327 430 365 55.
494 322 702 362 Cominius.
735 319 802 359 Sic
821 318 960 359 l‘ar.6.
1005 318 1226 359 Communis
1242 320 1435 362 Par.1.2.
1494 322 1629 377 quue.

180 391 251 433 Sic
276 391 368 432 Par.
395 397 434 431 1.
458 396 497 431 2.

294 461 332 511 §.
367 464 433 501 56.
496 456 539 497 C.
568 453 673 493 Var.
704 452 773 494 Sic
796 452 887 494 Par.
914 459 953 494 1.

291 529 328 580 ξ.
360 531 427 568 57.
489 523 776 577 [Spaldingius
807 530 897 561 tum
925 522 1089 576 quidem
1107 525 1259 564 nescire
1279 540 1320 564 se
1338 526 1539 564 confessus
1561 533 1629 573 est,

177 597 287 636 unde
315 603 415 634 esset
441 595 510 631 ille
538 594 649 630 locus
679 589 812 627 Nimis
843 606 962 642 urgeo
993 600 1068 630 cet.
1099 592 1347 645 desumptus.
1407 591 1468 631 At
1492 601 1550 631 est
1578 606 1630 631 ex

176 667 354 704 oratione
394 675 464 714 pro
495 656 658 710 Ligario
686 660 801 697 toties
832 658 995 697 laudata
1031 673 1119 712 cap.
1154 665 1177 699 3
1215 669 1317 700 extr.
1376 659 1519 714 Neque
1543 674 1631 698 non.

176 734 348 770 alterum
389 726 497 780 Quid
531 724 686 781 plura?
736 723 937 765 Ciceronis
972 741 1054 765 esse
1082 736 1201 780 puto,
1251 730 1320 768 sed
1360 729 1628 767 demonstrare

171 794 371 853 nequem]

288 865 325 915 ξ.
357 867 424 902 60.
483 860 707 900 introcluaei.
749 858 817 899 Sic
841 859 933 900 Par.
970 865 1006 900 1.
1036 867 1076 902 2.
1112 866 1151 902 6.
1247 864 1437 915 invenire,
1482 873 1522 902 ut
1552 864 1624 903 aii.

171 932 240 974 Sic
259 930 349 971 Par.
374 934 414 970 6.
472 940 514 968 ut
535 931 576 968 ἰη
599 926 765 966 Verrem
786 931 845 967 ait
874 926 964 968 Par.
988 934 1025 968 1.
1049 935 1090 969 2.

284 1001 321 1052 ᾗ.
353 1003 422 1038 61.
480 997 677 1036 inductus.
709 994 776 1035 SiG
796 995 887 1036 Par.
912 1003 950 1035 1.
971 1002 1011 1037 2.

284 1069 319 1119 §.
351 1071 417 1106 62.
477 1081 554 1104 non
575 1066 616 1102 in
634 1063 721 1103 hoc.
771 1063 862 1103 Par.
888 1068 926 1103 1.
947 1069 988 1103 2.
1008 1080 1081 1103 non
1102 1065 1191 1104 hoc.

284 1139 320 1187 ξ.
354 1138 420 1173 63.
481 1133 651 1179 iteratio,
683 1130 752 1170 Sic
770 1131 859 1171 Par.
885 1138 923 1171 1.
947 1136 986 1171 2.

286 1203 323 1252 §.
357 1201 424 1241 64.
485 1202 663 1253 erumpit.
696 1198 765 1240 Sic
782 1199 872 1239 Par.
894 1204 934 1239 6.
994 1202 1120 1253 erupit
1135 1199 1227 1240 Par.
1254 1206 1343 1240 1.2.
1431 1199 1623 1255 Zmyrna.

167 1271 257 1313 Par.
281 1275 318 1310 1.
339 1276 381 1310 2.
414 1279 451 1307 et
478 1268 656 1323 myrrha.

281 1340 316 1391 ξ.
351 1341 418 1377 66.
478 1335 633 1374 relatio.
666 1334 741 1374 Sicv
761 1335 850 1375 Par.
876 1339 916 1374 1.
970 1333 1089 1375 elatio
1118 1334 1209 1375 Par.
1242 1341 1280 1375 2.
1307 1340 1345 1376 6.

283 1408 322 1456 §.
357 1410 423 1445 69.
482 1403 654 1456 Ideoque
668 1418 783 1456 parc.
824 1401 915 1440 Par.
939 1407 977 1442 1.
998 1408 1038 1442 2.
1059 1406 1242 1442 inserunt
1263 1403 1348 1443 hoc.
1433 1403 1531 1459 fac.
1553 1414 1624 1443 est.

168 1475 236 1515 Sic
261 1473 352 1513 Par.
377 1478 443 1520 2.,
483 1472 554 1510 sed
571 1470 662 1510 Par.
689 1475 726 1509 1.
751 1484 829 1508 om.
850 1480 920 1510 est.
1021 1470 1278 1524 intelligatur.
1317 1470 1386 1511 Sic
1403 1470 1494 1512 Par.
1521 1475 1558 1511 1.
1582 1476 1622 1510 2.

252 1552 294 1581 ut
317 1543 372 1580 in.
412 1538 503 1579 Par.
525 1543 564 1578 1.
590 1544 630 1577 2.
662 1536 790 1591 qualis
815 1548 884 1576 est.

283 1611 320 1660 §.
352 1614 423 1649 70.
479 1617 522 1646 ut
542 1608 582 1644 in
600 1604 687 1644 illa.
728 1604 819 1644 Par.
840 1610 877 1644 1.
899 1610 938 1644 2.
960 1620 1040 1644 om.
1063 1607 1118 1644 in.

278 1679 314 1728 ᾗ.
348 1680 418 1716 71.
475 1676 578 1728 ipse,
611 1671 724 1726 quocl.
767 1670 835 1711 Sic
856 1670 948 1711 Par.
977 1677 1014 1710 1.
1039 1676 1075 1710 6.
1137 1688 1177 1725 q.
1204 1674 1231 1710 i.
1254 1670 1345 1712 Pax.
1366 1678 1408 1713 2.

277 1746 312 1796 ᾧ.
343 1748 414 1784 73.
473 1744 582 1780 etin.
613 1742 679 1779 Sic
699 1738 790 1779 Par.
815 1744 851 1779 1.
876 1744 918 1779 2.
1005 1740 1157 1778 mariti.
1188 1737 1257 1779 Sic
1276 1738 1368 1780 Par.
1394 1745 1434 1780 2.
1477 1742 1622 1780 marito

161 1814 253 1855 Par.
277 1818 315 1852 1.

273 1881 310 1931 §.
341 1879 412 1920 74.
470 1878 588 1916 tueri.
619 1872 687 1915 Sic
707 1873 799 1915 Par.
821 1879 862 1914 2.
889 1889 967 1914 sec.
989 1889 1045 1914 m.
1104 1875 1188 1913 veri
1205 1873 1297 1914 Par.
1321 1880 1358 1915 1.
1382 1879 1422 1915 6.

278 1949 315 2000 §.
347 1950 417 1988 75.
475 1942 591 1984 illud.
622 1941 690 1983 Sic
710 1942 801 1982 Par.
816 1947 905 1982 1.2.
969 1951 1122 1996 potest3
1141 1943 1190 1982 si.
1219 1933 1413 1983 Par.1.2.
1429 1944 1551 1983 inser.
1562 1953 1618 1984 at.

277 2018 314 2068 ᾗ.
345 2019 416 2056 76.
474 2021 634 2067 quanto.
683 2009 774 2050 I'ar.
799 2015 835 2049 1.
858 2015 898 2050 2.
929 2025 1016 2063 quo.
1110 2009 1221 2049 velle.
1252 2009 1321 2050 Sic
1340 2008 1431 2050 Par.
1459 2014 1498 2050 1.
1519 2016 1562 2053 2.

278 2085 315 2134 §.
347 2087 417 2123 78.
477 2079 649 2119 eludant.
701 2076 770 2117 Sic
795 2076 886 2117 Par.
920 2081 958 2118 1.
985 2083 1024 2117 2.
1086 2076 1183 2130 [De
1209 2080 1538 2130 interpretatione
1567 2080 1620 2119 cf.

161 2151 371 2206 Spalding.
399 2149 450 2188 ad
469 2150 541 2188 lib.
568 2144 628 2197 X,
650 2150 691 2197 7,
717 2150 754 2185 1.
776 2153 862 2185 not.
884 2146 1002 2197 crit.]

275 2223 311 2272 ξ.
343 2223 410 2259 81.
469 2214 727 2254 declamatur.
777 2212 869 2253 Par.
902 2217 939 2253 1.
969 2218 1009 2253 2.
1043 2211 1294 2253 cleclamctur.
1415 2211 1618 2252 damnavit

160 2288 251 2329 Par.
283 2293 322 2328 2.
353 2301 413 2340 pr.
442 2299 498 2324 m.
546 2283 749 2322 accusavit
768 2279 860 2321 Par.
890 2285 929 2321 1.

277 2356 314 2407 §.
345 2360 413 2395 82.
473 2363 589 2391 torm.
608 2351 751 2388 nomin.
792 2348 860 2388 Sic
881 2347 972 2388 Par.
993 2353 1031 2388 1.
1052 2353 1092 2389 2.

278 2424 316 2473 §.
349 2426 417 2463 83.
472 2417 692 2475 pertendat.
734 2415 826 2457 Par.
853 2421 890 2455 1.
919 2422 959 2456 2.
988 2432 1071 2455 csse
1094 2426 1196 2469 pert.
1256 2462 1259 2465 ⁴

276 2494 312 2543 §.
346 2493 414 2530 87.
473 2487 555 2527 Sed
581 2490 621 2526 in
647 2501 740 2524 una.
782 2483 874 2525 Par.
900 2489 937 2524 1.
968 2490 1006 2524 2.
1041 2483 1086 2524 S.
1119 2482 1167 2522 de
1194 2500 1232 2523 u.
1318 2484 1428 2537 sequi
1452 2491 1614 2521 contra-

165 2559 278 2596 rium.
319 2557 408 2597 Par.
433 2561 471 2596 1.
495 2571 575 2595 om.
597 2555 720 2609 sequi.
756 2551 846 2593 Par.
868 2558 909 2593 2.
941 2550 1049 2605 loqui
1079 2565 1159 2592 om.
1192 2561 1315 2592 contr.
1403 2551 1480 2591 vic.
1514 2548 1611 2589 vult.

165 2624 232 2665 Sic
251 2624 339 2665 Par.
368 2630 401 2663 J.
426 2630 465 2664 2.
