1757 2979
353 156 408 195 acl
436 156 602 209 Quintil.
635 156 766 198 Instit.
796 156 874 206 ᾹἸ,
913 161 950 196 3.
989 161 1307 213 §.102-÷1‹32.
1475 157 1558 198 439

215 269 250 318 ξ.
288 273 378 308 129.
440 270 479 307 in
510 267 634 308 lintre.
684 267 772 309 Par.
805 275 840 308 1.
873 275 912 309 2.
945 284 1021 309 sec.
1048 284 1102 308 m.
1133 285 1152 306 e
1189 267 1214 308 ἶ.
1303 280 1338 308 cl
1358 269 1440 310 Sic.
1483 269 1549 310 Sic

103 333 191 374 l'ar.
212 341 248 375 1.
269 342 305 376 2.
326 338 366 376 6.
452 335 590 375 medic.
614 335 729 377 delib.
771 336 838 377 Sic
865 337 951 377 Par.
976 340 1012 376 1.
1037 342 1073 376 2.
1098 341 1136 375 6.
1152 367 1162 387 ‚
1202 337 1271 375 sed
1296 335 1385 376 Par.
1411 343 1448 376 2.
1470 353 1546 377 sec.

104 417 154 442 m.
176 405 294 442 inser.
322 414 482 457 propiet·
506 402 679 442 dolorem
699 415 866 445 artuum.

214 482 252 534 ξ.
285 486 377 522 130.
435 483 546 521 siin.
594 480 661 521 Sic
682 482 771 522 I'ar.
798 487 833 522 1.
857 473 894 523 2.
918 487 956 523 6.
1045 480 1149 537 quod
1170 481 1247 522 dic.
1298 482 1365 523 Sic
1395 482 1481 522 Par.
1511 487 1542 522 l.

103 554 139 587 2.
164 552 205 588 ⁴6.
1339 551 1341 553 ’

212 630 246 680 §.
277 631 370 667 131.
430 643 503 666 non
518 625 602 683 fi‘r.
646 625 713 666 Sic
732 627 821 667 Par.
848 632 886 667 1.
910 632 945 666 6.
996 643 1084 668 vero
1108 626 1223 684 rcfer.
1246 626 1336 668 Par.
1361 632 1400 666 2.
1487 629 1544 664 εἱ-

99 696 237 735 nistra.
286 693 377 734 Par.
409 698 445 733 1.
477 699 518 734 2.
561 704 601 732 ut
631 696 705 734 sin.
786 695 910 746 [uncle
939 712 1118 745 moneor,
1159 706 1213 735 ut.
1281 693 1544 735 Restituenda

97 778 252 815 prorsus
280 762 462 803 codicum
490 776 583 801 mss.
614 764 732 801 lectio
764 764 1085 816 interpunctione
1115 772 1273 802 tantum
1291 763 1540 814 adjuvanda:

98 830 245 870 DIoneo
267 846 411 884 quoque
441 828 457 882 (
469 840 508 868 ut
532 846 578 868 nc
598 828 641 867 id
661 828 811 884 quidem
832 827 1053 883 transeam)
1086 832 1319 884 ineptissime
1326 833 1427 886 ficri
1446 832 1514 869 rel.

210 910 248 960 §.
283 913 377 948 133.
435 907 613 947 solvitur.
661 906 754 948 Par.
784 913 821 948 1.
852 907 1072 948 resolvitur.
1170 908 1306 949 lineas.
1356 908 1424 949 Sic
1452 908 1540 949 Par.

99 980 134 1015 1.
154 980 190 1016 6.
232 975 370 1016 limam
391 973 483 1016 Par.
505 980 543 1015 2.

205 1054 244 1106 §.
275 1054 364 1093 134.
422 1068 477 1092 ex
505 1053 579 1092 his.
625 1052 692 1094 Sic
723 1052 813 1094 Par.
836 1058 873 1094 1.
896 1059 937 1095 2.
959 1059 997 1094 6.
1045 1056 1320 1110 praecipimus.
1363 1053 1431 1095 Sic
1452 1053 1539 1094 Par.

96 1128 135 1162 2.
163 1126 199 1162 6.
244 1122 511 1177 praecepimus
528 1120 618 1160 Par.
641 1127 680 1161 2.

209 1201 245 1252 §.
280 1204 374 1240 135.
432 1199 591 1239 sedenti.
639 1197 706 1239 Sic
728 1198 820 1239 Par.
845 1204 881 1239 1.
933 1199 1097 1239 sedentis
1125 1200 1215 1241 l‘ar.
1245 1207 1282 1241 2.
1316 1206 1352 1241 6.
1444 1211 1539 1240 seni.

95 1266 218 1307 claus.
258 1266 346 1307 Par.
380 1272 418 1307 1.
439 1274 479 1307 2.
506 1266 557 1306 cl.
583 1283 616 1306 S.

279 1350 367 1386 137.
426 1348 466 1384 in
495 1356 664 1385 oratore.
709 1344 797 1385 Par.
821 1349 860 1384 1.
885 1351 922 1384 2.
946 1350 984 1384 6.
1008 1348 1048 1384 in
1069 1346 1180 1386 hora.

278 1417 371 1453 139.
430 1430 509 1468 qua
532 1416 724 1452 cinctura.
767 1411 834 1452 Sic
865 1411 954 1452 Par.
978 1413 1016 1453 4.
1076 1430 1193 1468 quam
1213 1430 1247 1454 c.
1266 1413 1352 1454 Par.
1376 1420 1411 1455 1.
1439 1420 1477 1455 2.
1500 1419 1539 1455 6.

277 1481 370 1521 141.
426 1481 573 1535 perdit.
617 1479 685 1520 Sic
714 1479 805 1520 Par.
829 1484 868 1519 1.
890 1485 929 1519 2.
951 1484 989 1520 6.

279 1549 372 1589 142.
432 1550 509 1587 nisi
532 1551 579 1588 si.
620 1547 688 1588 Sic
710 1546 801 1587 Par.
828 1551 865 1586 1.
880 1578 890 1597 ‚
931 1548 1001 1586 sed
1017 1546 1108 1587 I'ar.
1132 1553 1168 1588 2.
1197 1563 1276 1588 om.
1298 1551 1346 1589 si.

278 1618 371 1656 145.
429 1615 580 1655 Laeva.
621 1615 711 1656 Par.
739 1620 776 1654 1.
799 1620 839 1655 2.
873 1613 1036 1654 laevam.

279 1684 374 1723 146.
434 1682 656 1723 delicatum.
696 1681 765 1722 Sic
784 1680 875 1721 Par.
902 1685 939 1720 6.
1000 1679 1076 1721 del.
1109 1693 1178 1722 esi.
1209 1681 1300 1724 Par.
1330 1689 1365 1723 1.
1388 1690 1427 1724 2.

280 1751 374 1791 148.
431 1753 562 1791 sicuti.
602 1749 670 1791 Sic
689 1748 777 1790 Par.
803 1754 843 1789 6.
887 1751 986 1788 sicut
1008 1748 1099 1790 Par.
1125 1755 1159 1789 1.
1179 1756 1219 1790 2.

277 1822 370 1859 150.
431 1835 653 1876 cqncessnm
670 1828 740 1858 cst.
780 1815 850 1857 Sic
880 1815 971 1856 Par.
997 1821 1034 1856 1.
1061 1823 1096 1857 2.
1118 1821 1156 1857 6.

237 1915 246 1925 .
281 1889 375 1926 153.
436 1903 596 1926 reorum.
635 1885 726 1926 Par.
749 1890 786 1925 1.
807 1890 845 1926 2.
869 1888 909 1924 6.
941 1883 1107 1923 deorum.

237 1984 246 1993 .
281 1954 374 1994 154.
430 1953 635 2007 polluceat.
678 1952 770 1993 Par.
793 1956 830 1991 1.
852 1957 890 1992 2.
912 1956 944 1990 6.
974 1952 1184 2005 perlucent.

211 2022 248 2072 §.
281 2026 375 2062 156.
436 2032 491 2060 cst
511 2036 690 2073 consurg.
731 2018 800 2059 Sic
817 2017 908 2058 Par.
933 2025 971 2058 2.
994 2018 1066 2073 (Ρ.
1115 2037 1216 2059 cons.
1237 2039 1268 2061 c.
1302 2020 1391 2061 ΓΜ.
1422 2027 1458 2062 1.

208 2090 243 2140 §.
277 2094 370 2129 157.
426 2099 587 2144 praetor
602 2088 838 2143 permiserit.
879 2085 968 2126 Par.
987 2091 1073 2127 1.2.
1089 2101 1166 2126 om.
1191 2100 1364 2141 praetor.
1405 2089 1492 2129 l'ar.
1506 2095 1542 2130 6.

204 1346 245 2005 οοφφφψφφφφ

95 2159 412 2212 practer-miserit.

211 2227 246 2279 §.
281 2229 376 2266 158.
441 2224 594 2263 Ulixis.
645 2222 713 2263 Sic
741 2221 830 2263 Par.
861 2227 899 2263 1.
926 2227 965 2262 2.
988 2226 1024 2260 6.
1114 2239 1233 2277 caque
1252 2223 1410 2264 diarius.
1454 2223 1543 2265 Par.

105 2299 140 2333 1.
164 2310 208 2333 ca
234 2292 272 2332 d.
322 2292 409 2333 Par.
430 2298 469 2333 2.
493 2295 532 2331 6.
557 2307 597 2331 eo
621 2289 659 2331 ἆ.

212 2362 249 2412 §.
285 2365 377 2402 159.
437 2369 665 2414 expectans.
719 2356 810 2398 Par.
834 2362 870 2397 1.
895 2363 934 2398 2.
961 2361 1000 2397 6.
1025 2368 1216 2411 spectans.

213 2431 252 2480 §.
285 2434 378 2470 161.
438 2428 572 2482 Neque
591 2443 650 2467 cn.
690 2424 758 2467 Sic
778 2424 872 2466 Par.
901 2427 943 2465 6.

214 2498 251 2548 §.
285 2502 378 2538 162.
436 2507 583 2536 santum
605 2496 809 2535 acriorem.
858 2491 952 2533 Par.
981 2498 1021 2533 1.
1044 2499 1083 2534 2.
1108 2497 1145 2532 6.
1170 2502 1294 2531 {amen
1315 2508 1398 2531 (ιον.
1453 2490 1543 2531 Par.

103 2572 140 2606 2.
167 2581 243 2605 seo.
272 2580 325 2605 m.
358 2575 484 2604 tamen
510 2565 753 2618 apertiorem.
844 2559 892 2611 Q.
925 2561 1036 2599 enim.
1089 2559 1157 2599 Sic
1184 2558 1276 2599 Par.
1300 2565 1336 2599 1.
1360 2566 1398 2599 2.
1425 2565 1463 2598 6.

105 2644 197 2673 esset
227 2635 267 2673 in
294 2632 392 2689 Afi‘.
443 2632 510 2674 Sic
534 2632 624 2672 Par.
655 2636 690 2671 1.
715 2636 753 2671 2.
778 2635 814 2669 6.
904 2638 1073 2681 poscent.
1127 2626 1193 2667 Sic
1212 2626 1303 2667 Par.
1332 2633 1366 2666 1.
1392 2633 1427 2668 2,
1452 2632 1489 2665 G.
