1721 2974
252 150 306 190 ad
337 154 468 201 Quint.
497 150 595 189 lusi.
629 148 708 190 VI.
743 148 810 196 Pr,
840 151 876 201 ξ.
901 152 1065 189 7--16-
1126 154 1160 186 1.
1196 150 1233 199 §
1266 153 1301 188 1.
1325 155 1366 190 2.
1453 154 1533 189 309

81 268 116 304 1.
139 262 247 305 Flor.
271 280 433 320 quoque
453 280 483 303 s.
504 281 545 318 p.
567 275 594 303 t.
615 277 762 322 poenas
783 274 820 302 et
840 263 888 302 si.
1003 272 1039 300 te
1060 260 1224 316 reliqua.
1274 260 1381 301 Flor.
1406 273 1533 301 terrae

77 330 232 385 aliqui&

192 400 229 449 §.
266 400 329 439 14.
389 398 555 439 vivendi.
611 396 732 440 Goth.
756 397 934 438 vivendo.
1046 396 1240 436 resederit.
1289 395 1413 436 Goth.
1436 400 1532 436 resi-

74 465 191 506 derit.
279 468 429 521 injuste.
470 465 598 506 Amb.
613 471 649 506 1.
673 466 783 506 Jens.
804 474 844 506 et
864 475 1016 506 ceterae
1038 465 1087 504 ad
1111 462 1267 505 Cervic.
1291 479 1386 504 cum
1398 462 1532 505 ColIn.

75 536 252 587 injustae.

189 603 227 651 §.
263 605 328 642 15.
373 599 446 658 fu.
469 603 610 640 minus.
658 600 726 641 Sic
748 604 870 640 etiam
890 598 1018 640 Amb.
1045 605 1082 642 1.
1105 599 1215 640 Flor.
1303 599 1444 656 ffcta
1467 602 1530 640 iis.

76 667 212 710 Guelf.
237 667 348 708 Sich.
366 669 438 723 ‘ff
461 668 535 707 his.
588 668 715 709 Amb.
744 673 779 708 1.
802 668 953 724 efficiet
976 670 1023 707 is.
1075 667 1182 710 Flor.
1204 666 1345 720 Camp.
1367 668 1532 722 qfficiat

75 735 150 776 his.
249 752 348 790 quae
369 735 439 776 lev.
461 735 553 777 adh.
602 735 634 775 F
637 739 710 776 lor.
734 734 873 789 Camp.
895 752 965 790 que
985 752 1021 774 α.
1045 734 1072 776 Ζ.
1186 737 1427 790 imperitanti
1439 735 1533 790 for-

74 815 202 844 mnae.
253 803 389 843 Etiam
408 802 534 843 Amb.
562 807 598 842 1.
620 805 758 856 imperi
780 803 897 860 auis:
946 802 1054 843 Flor.
1088 819 1110 843 a
1131 819 1191 856 pr.
1218 816 1273 845 m.
1294 803 1532 858 imperitis„

73 887 95 911 a
125 888 203 911 sec.
235 873 400 924 imperia
420 870 465 927 f
570 870 838 910 mediocrium.
894 868 1030 911 Guelf.
1060 871 1321 925 mediocrum„
1418 870 1534 911 αἶ.ιή

72 950 218 978 nosiro.
269 937 337 977 Sic
360 941 481 977 etiam
501 937 628 978 Amb.
647 944 683 978 1.
705 937 814 977 Flor.
871 937 931 978 At
962 937 1098 978 Tul-ic.
1132 954 1154 978 a
1177 954 1255 978 sec.
1281 953 1337 979 m.
1361 938 1535 978 aliorum

72 1009 95 1045 ι’.
118 1023 156 1045 η.
246 1008 484 1046 extinxerit.
532 1003 668 1045 Turio,
692 1008 958 1044 extinxerint.
1058 1022 1156 1059 quae
1177 1009 1213 1044 si
1232 1006 1340 1059 quid.
1388 1005 1530 1060 Camp.

72 1076 108 1113 si
130 1072 246 1128 quod.
352 1072 570 1113 debilitavit
601 1084 741 1112 iumen.
792 1072 921 1114 Amb.
947 1078 983 1113 1.
1008 1072 1370 1114 debilitaviiiamen.
1422 1074 1532 1114 Flor.

71 1141 278 1181 debilitata
300 1143 400 1180 viiia
421 1157 539 1181 mens,
626 1139 729 1195 quod
754 1139 879 1180 illam.
931 1139 1040 1180 Flor.
1070 1138 1212 1193 Camp.
1233 1143 1324 1196 quia
1347 1141 1471 1182 illam.

189 1211 226 1260 §.
263 1214 328 1248 16.
386 1208 505 1248 Boni.
558 1208 665 1248 Flor.
697 1208 788 1248 Par.
815 1213 852 1247 1.
875 1213 913 1248 2.
948 1205 1072 1247 Goth.
1107 1206 1217 1248 Jens.
1250 1217 1290 1248 et
1320 1209 1411 1250 edd.
1439 1218 1532 1249 ante

70 1277 174 1319 Ald.
206 1293 298 1318 cum
333 1275 434 1316 Bad.
469 1275 623 1316 Cervic.
660 1276 782 1316 honis.
899 1275 1111 1315 consulere.
1157 1275 1294 1317 Turio.
1326 1292 1348 1316 a
1371 1293 1448 1319 sec.
1474 1292 1531 1317 m.

70 1345 160 1386 Par.
185 1351 221 1384 1.
244 1351 284 1385 2.
321 1344 440 1384 Voss.
464 1350 505 1383 2.
539 1343 649 1384 Jens.
682 1353 722 1383 et
749 1343 839 1383 edd.
871 1352 963 1382 ante
992 1342 1090 1382 Ald.
1122 1357 1214 1383 cum
1245 1342 1349 1383 Bad.
1374 1342 1529 1386 Cel-vic.

71 1412 280 1453 consolari.
367 1412 440 1451 hoc
465 1428 639 1466 aequum.
689 1411 796 1451 Flor.
820 1414 939 1450 etiam
962 1427 1116 1450 caccum
1131 1442 1142 1460 ‚
1176 1419 1214 1450 et
1233 1421 1323 1465 post
1343 1415 1434 1468 quia
1458 1428 1531 1466 pro

71 1481 187 1536 quod.
286 1479 444 1519 nullum.
491 1478 619 1519 Amb.
645 1484 681 1518 1.
706 1495 728 1518 a
748 1495 808 1532 pr.
829 1494 885 1518 m.
919 1478 1054 1518 ullum.
1106 1477 1215 1518 Flor.
1241 1478 1382 1533 Camp.
1408 1480 1530 1522 nullo.

152 1551 356 1603 proprium
378 1564 501 1587 usum.
560 1546 667 1586 Flor.
699 1545 840 1600 Camp.
857 1549 1020 1600 proprio
1042 1563 1125 1585 usu.
1235 1547 1331 1586 haec
1361 1564 1458 1586 cura
1479 1547 1533 1586 acl

70 1617 219 1658 alienas
241 1615 440 1655 utilitates.
491 1614 598 1654 Flor.
622 1615 694 1653 has
714 1631 830 1654 curas
851 1614 1001 1653 alienas
1018 1613 1131 1652 utiles
1152 1616 1212 1667 εἱ,-
1250 1615 1321 1654 sed
1339 1617 1383 1653 in
1402 1630 1528 1669 marg.

70 1686 165 1724 haec
185 1701 280 1724 curav
303 1683 442 1722 alienis
461 1682 581 1722 utilis.
630 1682 720 1722 Par.
747 1687 783 1721 1.
809 1682 848 1721 k.
875 1698 910 1721 c.
935 1692 976 1720 ut
997 1680 1135 1720 alienis
1155 1681 1282 1721 utiles.
1383 1683 1529 1722 scribi-

68 1769 166 1791 mus.
232 1750 369 1790 Etiam
400 1750 523 1790 Amb.
558 1756 594 1789 1.
636 1750 740 1790 Flor.
777 1751 910 1790 scribi.
1025 1749 1365 1803 praeparabimus.
1419 1749 1526 1791 Flor.

70 1819 158 1860 Par.
183 1824 218 1858 1.
244 1834 405 1872 quoque
424 1818 776 1877 praeparabamus,

662 1975 695 2015 C
728 1992 754 2015 A
789 1993 823 2016 P.
895 1970 927 2016 Ῐ.

183 2092 220 2140 §.
253 2095 292 2130 1.
351 2090 570 2129 Ρυνοναὶἱο.
620 2087 758 2127 Turio.
791 2103 811 2125 a
845 2104 922 2128 sec.
952 2105 1008 2128 m.
1047 2094 1190 2130 oratio.
1303 2088 1526 2129 conclusio-

67 2175 166 2198 nem.
215 2156 344 2198 Amb.
367 2162 405 2196 1.
444 2172 466 2195 a
496 2171 573 2196 sec.
603 2170 657 2194 m.
691 2155 993 2197 conclusionum.
1111 2158 1334 2214 qffecic'buS.
1385 2154 1523 2196 Guels.

68 2225 200 2279 Lugd.
230 2224 370 2266 Oxou.
401 2224 509 2264 Jens.
540 2223 662 2263 Tarv.
687 2222 905 2278 'cgff'cctibua
1023 2236 1057 2263 et
1086 2241 1221 2279 congr.
1275 2224 1385 2265 JenS.
1418 2222 1519 2264 Loc.

67 2294 176 2340 Ven.
203 2295 320 2333 etiam
343 2309 375 2332 c.
474 2290 836 2346 ἀνακεφαλαίωσις.
888 2291 1017 2333 Amb.
1050 2299 1084 2333 1.
1108 2295 1433 2347 ανακεφαλιοσις.

70 2379 95 2401 α
120 2361 224 2416 quib.
272 2359 409 2401 Turio.
440 2376 462 2399 a
482 2375 541 2413 pr.
564 2375 619 2399 m.
654 2357 790 2399 Guelf.
826 2357 944 2400 Goth.
972 2365 1100 2401 omitt.
1126 2379 1163 2400 (1.
1270 2360 1519 2401 enumeratio.

69 2428 204 2468 Etiam
240 2427 366 2467 Amb.
400 2433 436 2468 1.
471 2427 579 2468 Flor.
614 2430 882 2467 renumeratio.
999 2433 1152 2468 etiamsi
1186 2428 1292 2468 Flor.
1326 2443 1347 2466 a
1376 2443 1433 2480 pr.
1464 2441 1518 2466 m.

72 2496 186 2535 Alm.
210 2499 324 2535 etiam
345 2499 432 2535 nisi.

184 2565 223 2613 §.
254 2569 292 2604 2.
351 2563 468 2617 quod.
509 2563 616 2602 Flor.
640 2566 746 2616 quia.
837 2567 951 2617 qnasi
970 2564 1110 2603 altera,
1160 2562 1228 2603 Sic
1250 2567 1369 2601 etiam
1389 2562 1514 2602 Amb.

73 2637 111 2670 1.
139 2631 244 2672 Flor.
341 2630 608 2671 enumeranda.
660 2629 785 2670 Amb.
816 2637 850 2671 1.
881 2630 987 2672 Flor.
1021 2647 1180 2686 quoque
1211 2628 1516 2670 adnumerandsr.
