<?xml version="1.0" encoding="UTF-8"?>
<!DOCTYPE html PUBLIC "-//W3C//DTD XHTML 1.0 Transitional//EN"
    "http://www.w3.org/TR/xhtml1/DTD/xhtml1-transitional.dtd">
<html xmlns="http://www.w3.org/1999/xhtml" xml:lang="en" lang="en">
 <head>
  <title>
</title>
<meta http-equiv="Content-Type" content="text/html;charset=utf-8" />
  <meta name='ocr-system' content='tesseract 3.04.00' />
  <meta name='ocr-capabilities' content='ocr_page ocr_carea ocr_par ocr_line ocrx_word'/>
</head>
<body>
  <div class='ocr_page' id='page_1' title='image "./deinstitutioneor05quinuoft_0150.png"; bbox 0 0 1721 2974; ppageno 0'>
   <div class='ocr_carea' id='block_1_1' title="bbox 127 199 1137 256">
    <p class='ocr_par' dir='ltr' id='par_1_1' title="bbox 127 199 1137 256">
     <span class='ocr_line' id='line_1_1' title="bbox 127 199 1137 256; baseline -0.001 -16"><span class='ocrx_word' id='word_1_1' title='bbox 127 208 142 240; x_wconf 90' lang='grc'><strong>1</strong></span> <span class='ocrx_word' id='word_1_2' title='bbox 156 207 205 242; x_wconf 85' lang='grc'><strong>18</strong></span> <span class='ocrx_word' id='word_1_3' title='bbox 552 199 828 256; x_wconf 75' lang='lat' dir='ltr'><strong><em>Supplemcnta</em></strong></span> <span class='ocrx_word' id='word_1_4' title='bbox 870 200 1137 240; x_wconf 77' lang='lat' dir='ltr'><strong><em>annotationis</em></strong></span> 
     </span>
    </p>
   </div>
   <div class='ocr_carea' id='block_1_2' title="bbox 124 312 1585 1911">
    <p class='ocr_par' dir='ltr' id='par_1_2' title="bbox 127 312 1573 436">
     <span class='ocr_line' id='line_1_2' title="bbox 127 312 1573 367; baseline 0.001 -15"><span class='ocrx_word' id='word_1_5' title='bbox 127 314 273 353; x_wconf 77' lang='lat' dir='ltr'><strong><em>dederit</em></strong></span> <span class='ocrx_word' id='word_1_6' title='bbox 312 315 450 354; x_wconf 80' lang='lat' dir='ltr'><strong><em>inserit</em></strong></span> <span class='ocrx_word' id='word_1_7' title='bbox 488 316 610 354; x_wconf 77' lang='lat' dir='ltr'><strong><em>etiam</em></strong></span> <span class='ocrx_word' id='word_1_8' title='bbox 646 313 755 353; x_wconf 87' lang='lat' dir='ltr'><strong><em>Flor.</em></strong></span> <span class='ocrx_word' id='word_1_9' title='bbox 787 327 809 350; x_wconf 77' lang='lat' dir='ltr'>a</span> <span class='ocrx_word' id='word_1_10' title='bbox 837 326 896 365; x_wconf 85' lang='lat' dir='ltr'><strong><em>pr.</em></strong></span> <span class='ocrx_word' id='word_1_11' title='bbox 927 325 1011 364; x_wconf 84' lang='lat' dir='ltr'><strong><em>m.;</em></strong></span> <span class='ocrx_word' id='word_1_12' title='bbox 1058 320 1190 352; x_wconf 76' lang='lat' dir='ltr'><strong><em>ortum</em></strong></span> <span class='ocrx_word' id='word_1_13' title='bbox 1219 312 1377 353; x_wconf 79' lang='lat' dir='ltr'><strong><em>videtur</em></strong></span> <span class='ocrx_word' id='word_1_14' title='bbox 1401 328 1424 353; x_wconf 80' lang='lat' dir='ltr'><strong><em>e</em></strong></span> <span class='ocrx_word' id='word_1_15' title='bbox 1451 313 1573 367; x_wconf 68' lang='lat' dir='ltr'><strong><em>dedit,</em></strong></span> 
     </span>
     <span class='ocr_line' id='line_1_3' title="bbox 131 383 721 436; baseline -0.005 -15"><span class='ocrx_word' id='word_1_16' title='bbox 131 383 237 436; x_wconf 81' lang='lat' dir='ltr'><strong><em>quod</em></strong></span> <span class='ocrx_word' id='word_1_17' title='bbox 267 385 386 434; x_wconf 69' lang='lat' dir='ltr'>saulo</span> <span class='ocrx_word' id='word_1_18' title='bbox 417 390 505 435; x_wconf 88' lang='lat' dir='ltr'><strong><em>post</em></strong></span> <span class='ocrx_word' id='word_1_19' title='bbox 533 383 721 435; x_wconf 82' lang='lat' dir='ltr'><strong><em>sequitur.</em></strong></span> 
     </span>
    </p>

    <p class='ocr_par' dir='ltr' id='par_1_3' title="bbox 124 443 1575 635">
     <span class='ocr_line' id='line_1_4' title="bbox 239 443 1490 502; baseline -0.002 -13"><span class='ocrx_word' id='word_1_20' title='bbox 239 453 274 501; x_wconf 85' lang='lat'><strong><em>§.</em></strong></span> <span class='ocrx_word' id='word_1_21' title='bbox 306 455 373 489; x_wconf 84' lang='lat'><strong><em>20.</em></strong></span> <span class='ocrx_word' id='word_1_22' title='bbox 434 447 603 487; x_wconf 74' lang='lat' dir='ltr'><strong><em>adulesc.</em></strong></span> <span class='ocrx_word' id='word_1_23' title='bbox 628 447 764 487; x_wconf 79' lang='lat' dir='ltr'><strong><em>Turio.</em></strong></span> <span class='ocrx_word' id='word_1_24' title='bbox 789 444 895 484; x_wconf 85' lang='lat' dir='ltr'><strong><em>Flor.</em></strong></span> <span class='ocrx_word' id='word_1_25' title='bbox 918 443 1041 486; x_wconf 88' lang='lat' dir='ltr'><strong><em>Goth.</em></strong></span> <span class='ocrx_word' id='word_1_26' title='bbox 1076 455 1116 487; x_wconf 84' lang='lat' dir='ltr'><strong><em>et</em></strong></span> <span class='ocrx_word' id='word_1_27' title='bbox 1140 450 1197 487; x_wconf 80' lang='lat' dir='ltr'><strong><em>ita</em></strong></span> <span class='ocrx_word' id='word_1_28' title='bbox 1218 449 1301 486; x_wconf 86' lang='lat' dir='ltr'><strong><em>fere</em></strong></span> <span class='ocrx_word' id='word_1_29' title='bbox 1321 461 1490 502; x_wconf 85' lang='lat' dir='ltr'>semper.</span> 
     </span>
     <span class='ocr_line' id='line_1_5' title="bbox 124 512 1575 572; baseline 0.001 -19"><span class='ocrx_word' id='word_1_30' title='bbox 124 515 302 572; x_wconf 73' lang='lat' dir='ltr'><strong><em>plerique</em></strong></span> <span class='ocrx_word' id='word_1_31' title='bbox 320 515 555 554; x_wconf 52' lang='lat' dir='ltr'><strong><em>desiderant*</em></strong></span> <span class='ocrx_word' id='word_1_32' title='bbox 597 513 820 568; x_wconf 79' lang='lat' dir='ltr'><strong><em>plerumque</em></strong></span> <span class='ocrx_word' id='word_1_33' title='bbox 850 512 1117 553; x_wconf 73' lang='lat' dir='ltr'><strong><em>desiderantur</em></strong></span> <span class='ocrx_word' id='word_1_34' title='bbox 1146 513 1283 554; x_wconf 76' lang='lat' dir='ltr'><strong><em>Turic-</em></strong></span> <span class='ocrx_word' id='word_1_35' title='bbox 1315 512 1422 555; x_wconf 83' lang='lat' dir='ltr'><strong><em>Flor.</em></strong></span> <span class='ocrx_word' id='word_1_36' title='bbox 1454 512 1575 555; x_wconf 79' lang='lat' dir='ltr'><strong>Bodl-</strong></span> 
     </span>
     <span class='ocr_line' id='line_1_6' title="bbox 126 580 1212 635; baseline -0.003 -12"><span class='ocrx_word' id='word_1_37' title='bbox 126 583 250 623; x_wconf 83' lang='lat' dir='ltr'><strong>Amb.</strong></span> <span class='ocrx_word' id='word_1_38' title='bbox 277 589 311 622; x_wconf 80' lang='lat'><strong><em>1.</em></strong></span> <span class='ocrx_word' id='word_1_39' title='bbox 347 582 485 635; x_wconf 86' lang='lat' dir='ltr'>Camp.</span> <span class='ocrx_word' id='word_1_40' title='bbox 517 581 649 621; x_wconf 86' lang='lat' dir='ltr'><strong>Andr.</strong></span> <span class='ocrx_word' id='word_1_41' title='bbox 767 582 880 619; x_wconf 84' lang='lat' dir='ltr'><strong><em>omis.</em></strong></span> <span class='ocrx_word' id='word_1_42' title='bbox 909 583 1045 620; x_wconf 80' lang='lat' dir='ltr'><strong><em>sciens.</em></strong></span> <span class='ocrx_word' id='word_1_43' title='bbox 1078 580 1212 622; x_wconf 84' lang='lat' dir='ltr'><strong><em>Guelf.</em></strong></span> 
     </span>
    </p>

    <p class='ocr_par' dir='ltr' id='par_1_4' title="bbox 130 645 1581 1104">
     <span class='ocr_line' id='line_1_7' title="bbox 243 645 1574 702; baseline -0.001 -13"><span class='ocrx_word' id='word_1_44' title='bbox 243 655 278 689; x_wconf 70' lang='lat' dir='ltr'><strong><em>f,</em></strong></span> <span class='ocrx_word' id='word_1_45' title='bbox 310 656 376 691; x_wconf 82' lang='lat'><strong><em>21.</em></strong></span> <span class='ocrx_word' id='word_1_46' title='bbox 437 651 640 688; x_wconf 76' lang='lat' dir='ltr'><strong><em>omisisset.</em></strong></span> <span class='ocrx_word' id='word_1_47' title='bbox 695 645 881 701; x_wconf 82' lang='lat' dir='ltr'><strong><em>Scripsit.</em></strong></span> <span class='ocrx_word' id='word_1_48' title='bbox 940 658 976 686; x_wconf 87' lang='lat' dir='ltr'><strong><em>et</em></strong></span> <span class='ocrx_word' id='word_1_49' title='bbox 1004 651 1268 702; x_wconf 81' lang='lat' dir='ltr'><strong><em>interponunt</em></strong></span> <span class='ocrx_word' id='word_1_50' title='bbox 1296 647 1434 689; x_wconf 84' lang='lat' dir='ltr'><strong><em>Turio.</em></strong></span> <span class='ocrx_word' id='word_1_51' title='bbox 1467 647 1574 689; x_wconf 88' lang='lat' dir='ltr'><strong><em>Flor.</em></strong></span> 
     </span>
     <span class='ocr_line' id='line_1_8' title="bbox 130 713 1580 768; baseline -0.003 -8"><span class='ocrx_word' id='word_1_52' title='bbox 130 718 254 760; x_wconf 81' lang='lat' dir='ltr'><strong>Amb.</strong></span> <span class='ocrx_word' id='word_1_53' title='bbox 287 724 325 761; x_wconf 84' lang='lat'><strong><em>2.</em></strong></span> <span class='ocrx_word' id='word_1_54' title='bbox 371 715 504 758; x_wconf 87' lang='lat' dir='ltr'><strong><em>Guelf.</em></strong></span> <span class='ocrx_word' id='word_1_55' title='bbox 556 713 695 768; x_wconf 86' lang='lat' dir='ltr'><strong>Camp.</strong></span> <span class='ocrx_word' id='word_1_56' title='bbox 740 729 832 754; x_wconf 90' lang='lat' dir='ltr'><strong><em>cum</em></strong></span> <span class='ocrx_word' id='word_1_57' title='bbox 871 714 988 755; x_wconf 77' lang='lat' dir='ltr'><strong><em>Voss,</em></strong></span> <span class='ocrx_word' id='word_1_58' title='bbox 1023 721 1062 756; x_wconf 87' lang='lat'><strong><em>3.</em></strong></span> <span class='ocrx_word' id='word_1_59' title='bbox 1103 715 1225 756; x_wconf 87' lang='lat' dir='ltr'><strong><em>Bern.</em></strong></span> <span class='ocrx_word' id='word_1_60' title='bbox 1352 715 1580 756; x_wconf 53' lang='lat' dir='ltr'><strong><em>Stertiniusss</em></strong></span> 
     </span>
     <span class='ocr_line' id='line_1_9' title="bbox 131 780 1579 825; baseline -0.001 -2"><span class='ocrx_word' id='word_1_61' title='bbox 131 789 355 825; x_wconf 72' lang='lat' dir='ltr'><strong><em>siz-estini&#39;us</em></strong></span> <span class='ocrx_word' id='word_1_62' title='bbox 386 784 521 824; x_wconf 82' lang='lat' dir='ltr'><strong><em>Turio.</em></strong></span> <span class='ocrx_word' id='word_1_63' title='bbox 548 780 654 821; x_wconf 88' lang='lat' dir='ltr'><strong><em>Flor.</em></strong></span> <span class='ocrx_word' id='word_1_64' title='bbox 772 785 1008 822; x_wconf 76' lang='lat' dir='ltr'><strong><em>accuratius.</em></strong></span> <span class='ocrx_word' id='word_1_65' title='bbox 1059 793 1242 822; x_wconf 81' lang='lat' dir='ltr'><strong><em>accurate</em></strong></span> <span class='ocrx_word' id='word_1_66' title='bbox 1270 781 1392 823; x_wconf 89' lang='lat' dir='ltr'><strong>Amb.</strong></span> <span class='ocrx_word' id='word_1_67' title='bbox 1413 788 1454 824; x_wconf 88' lang='grc'><strong><em>2.</em></strong></span> <span class='ocrx_word' id='word_1_68' title='bbox 1485 797 1579 823; x_wconf 84' lang='lat' dir='ltr'><strong><em>cum</em></strong></span> 
     </span>
     <span class='ocr_line' id='line_1_10' title="bbox 134 847 1580 904; baseline -0.001 -11"><span class='ocrx_word' id='word_1_69' title='bbox 134 850 254 893; x_wconf 79' lang='lat' dir='ltr'><strong><em>Goth.</em></strong></span> <span class='ocrx_word' id='word_1_70' title='bbox 295 850 415 890; x_wconf 88' lang='lat' dir='ltr'><strong><em>Bern.</em></strong></span> <span class='ocrx_word' id='word_1_71' title='bbox 457 849 586 890; x_wconf 85' lang='lat' dir='ltr'><strong><em>Stoer.</em></strong></span> <span class='ocrx_word' id='word_1_72' title='bbox 618 847 788 891; x_wconf 85' lang='lat' dir='ltr'><strong><em>Chouet.</em></strong></span> <span class='ocrx_word' id='word_1_73' title='bbox 819 847 961 901; x_wconf 82' lang='lat' dir='ltr'><strong><em>Leid.;</em></strong></span> <span class='ocrx_word' id='word_1_74' title='bbox 1013 860 1215 904; x_wconf 79' lang='lat' dir='ltr'>receptam</span> <span class='ocrx_word' id='word_1_75' title='bbox 1245 851 1355 890; x_wconf 82' lang='lat' dir='ltr'><strong>dedit</strong></span> <span class='ocrx_word' id='word_1_76' title='bbox 1384 847 1495 891; x_wconf 84' lang='lat' dir='ltr'><strong><em>Gibs.</em></strong></span> <span class='ocrx_word' id='word_1_77' title='bbox 1527 864 1580 891; x_wconf 80' lang='lat' dir='ltr'><strong><em>ex</em></strong></span> 
     </span>
     <span class='ocr_line' id='line_1_11' title="bbox 132 915 1581 971; baseline -0.003 -12"><span class='ocrx_word' id='word_1_78' title='bbox 132 918 252 959; x_wconf 80' lang='lat' dir='ltr'><strong>Bodl.</strong></span> <span class='ocrx_word' id='word_1_79' title='bbox 285 917 373 958; x_wconf 79' lang='lat' dir='ltr'>Bal.</span> <span class='ocrx_word' id='word_1_80' title='bbox 405 926 444 956; x_wconf 87' lang='lat' dir='ltr'><strong><em>et</em></strong></span> <span class='ocrx_word' id='word_1_81' title='bbox 473 917 563 957; x_wconf 88' lang='lat' dir='ltr'><strong><em>edd.</em></strong></span> <span class='ocrx_word' id='word_1_82' title='bbox 592 926 689 957; x_wconf 84' lang='lat' dir='ltr'><strong><em>vett.</em></strong></span> <span class='ocrx_word' id='word_1_83' title='bbox 803 915 972 957; x_wconf 81' lang='lat' dir='ltr'><strong><em>Laenas.</em></strong></span> <span class='ocrx_word' id='word_1_84' title='bbox 1031 915 1094 957; x_wconf 86' lang='lat' dir='ltr'><strong><em>Ita</em></strong></span> <span class='ocrx_word' id='word_1_85' title='bbox 1121 917 1246 958; x_wconf 87' lang='lat' dir='ltr'><strong>Amb.</strong></span> <span class='ocrx_word' id='word_1_86' title='bbox 1271 922 1308 957; x_wconf 90' lang='lat'><strong><em>1.</em></strong></span> <span class='ocrx_word' id='word_1_87' title='bbox 1431 915 1479 955; x_wconf 88' lang='lat' dir='ltr'><em>V</em></span> <span class='ocrx_word' id='word_1_88' title='bbox 1474 919 1581 971; x_wconf 78' lang='lat' dir='ltr'><strong><em>ergi-</em></strong></span> 
     </span>
     <span class='ocr_line' id='line_1_12' title="bbox 133 981 1581 1037; baseline -0.001 -12"><span class='ocrx_word' id='word_1_89' title='bbox 133 989 217 1025; x_wconf 82' lang='lat' dir='ltr'><strong><em>nius</em></strong></span> <span class='ocrx_word' id='word_1_90' title='bbox 247 995 302 1025; x_wconf 86' lang='lat' dir='ltr'><strong><em>est</em></strong></span> <span class='ocrx_word' id='word_1_91' title='bbox 335 987 455 1024; x_wconf 84' lang='lat' dir='ltr'><strong><em>etiam</em></strong></span> <span class='ocrx_word' id='word_1_92' title='bbox 482 986 526 1022; x_wconf 86' lang='lat' dir='ltr'><strong><em>in</em></strong></span> <span class='ocrx_word' id='word_1_93' title='bbox 552 983 660 1026; x_wconf 81' lang='lat' dir='ltr'><strong><em>Flor.</em></strong></span> <span class='ocrx_word' id='word_1_94' title='bbox 684 981 806 1024; x_wconf 85' lang='lat' dir='ltr'><strong>Amb.</strong></span> <span class='ocrx_word' id='word_1_95' title='bbox 832 989 867 1024; x_wconf 90' lang='lat'><strong><em>1.</em></strong></span> <span class='ocrx_word' id='word_1_96' title='bbox 888 990 927 1024; x_wconf 83' lang='lat'><strong><em>2.</em></strong></span> <span class='ocrx_word' id='word_1_97' title='bbox 958 983 1082 1024; x_wconf 83' lang='lat' dir='ltr'><strong><em>Paris.</em></strong></span> <span class='ocrx_word' id='word_1_98' title='bbox 1104 990 1144 1025; x_wconf 88' lang='grc'><strong><em>2.</em></strong></span> <span class='ocrx_word' id='word_1_99' title='bbox 1169 990 1206 1025; x_wconf 87' lang='grc'><strong><em>3.</em></strong></span> <span class='ocrx_word' id='word_1_100' title='bbox 1237 983 1374 1037; x_wconf 61' lang='lat' dir='ltr'>sich„</span> <span class='ocrx_word' id='word_1_101' title='bbox 1410 993 1450 1024; x_wconf 83' lang='lat' dir='ltr'><strong><em>et</em></strong></span> <span class='ocrx_word' id='word_1_102' title='bbox 1469 984 1581 1023; x_wconf 85' lang='lat' dir='ltr'><strong>haud</strong></span> 
     </span>
     <span class='ocr_line' id='line_1_13' title="bbox 134 1049 1578 1104; baseline -0.001 -12"><span class='ocrx_word' id='word_1_103' title='bbox 134 1054 252 1092; x_wconf 88' lang='lat' dir='ltr'><strong><em>dubie</em></strong></span> <span class='ocrx_word' id='word_1_104' title='bbox 290 1051 453 1104; x_wconf 84' lang='lat' dir='ltr'><strong><em>Turic.,</em></strong></span> <span class='ocrx_word' id='word_1_105' title='bbox 505 1054 578 1092; x_wconf 81' lang='lat' dir='ltr'><strong><em>etsi</em></strong></span> <span class='ocrx_word' id='word_1_106' title='bbox 615 1054 767 1092; x_wconf 83' lang='lat' dir='ltr'><strong><em>siletur.</em></strong></span> <span class='ocrx_word' id='word_1_107' title='bbox 826 1049 1004 1104; x_wconf 81' lang='lat' dir='ltr'><strong><em>Recepta</em></strong></span> <span class='ocrx_word' id='word_1_108' title='bbox 1043 1061 1101 1092; x_wconf 88' lang='lat' dir='ltr'><strong><em>est</em></strong></span> <span class='ocrx_word' id='word_1_109' title='bbox 1137 1055 1181 1091; x_wconf 89' lang='lat' dir='ltr'><strong><em>in</em></strong></span> <span class='ocrx_word' id='word_1_110' title='bbox 1210 1051 1335 1092; x_wconf 82' lang='lat' dir='ltr'><strong><em>Paris.</em></strong></span> <span class='ocrx_word' id='word_1_111' title='bbox 1366 1057 1403 1092; x_wconf 92' lang='lat'><strong><em>1.</em></strong></span> <span class='ocrx_word' id='word_1_112' title='bbox 1437 1050 1578 1104; x_wconf 81' lang='lat' dir='ltr'>Camp.</span> 
     </span>
    </p>

    <p class='ocr_par' dir='ltr' id='par_1_5' title="bbox 133 1116 1580 1311">
     <span class='ocr_line' id='line_1_14' title="bbox 220 1116 1580 1172; baseline 0.001 -13"><span class='ocrx_word' id='word_1_113' title='bbox 220 1118 407 1161; x_wconf 77' lang='lat' dir='ltr'><strong><em>Tutilius,</em></strong></span> <span class='ocrx_word' id='word_1_114' title='bbox 457 1117 518 1159; x_wconf 84' lang='lat' dir='ltr'><strong><em>Ita</em></strong></span> <span class='ocrx_word' id='word_1_115' title='bbox 546 1123 669 1159; x_wconf 83' lang='lat' dir='ltr'><strong><em>etiam</em></strong></span> <span class='ocrx_word' id='word_1_116' title='bbox 695 1117 821 1160; x_wconf 86' lang='lat' dir='ltr'><strong>Amb.</strong></span> <span class='ocrx_word' id='word_1_117' title='bbox 845 1124 882 1158; x_wconf 91' lang='lat'><strong><em>1.</em></strong></span> <span class='ocrx_word' id='word_1_118' title='bbox 918 1118 1057 1172; x_wconf 84' lang='lat' dir='ltr'><strong>Camp.</strong></span> <span class='ocrx_word' id='word_1_119' title='bbox 1120 1119 1293 1159; x_wconf 79' lang='lat' dir='ltr'><strong><em>tutillius</em></strong></span> <span class='ocrx_word' id='word_1_120' title='bbox 1322 1119 1428 1159; x_wconf 84' lang='lat' dir='ltr'><strong><em>Flor.</em></strong></span> <span class='ocrx_word' id='word_1_121' title='bbox 1491 1116 1580 1172; x_wconf 88' lang='lat' dir='ltr'><strong>[Cf.</strong></span> 
     </span>
     <span class='ocr_line' id='line_1_15' title="bbox 133 1184 1580 1241; baseline -0.001 -14"><span class='ocrx_word' id='word_1_122' title='bbox 133 1186 341 1240; x_wconf 79' lang='lat' dir='ltr'><strong><em>Supplem.</em></strong></span> <span class='ocrx_word' id='word_1_123' title='bbox 372 1190 417 1225; x_wconf 84' lang='lat' dir='ltr'><strong><em>iu</em></strong></span> <span class='ocrx_word' id='word_1_124' title='bbox 442 1189 567 1240; x_wconf 86' lang='lat' dir='ltr'><strong><em>praef.</em></strong></span> <span class='ocrx_word' id='word_1_125' title='bbox 599 1187 696 1227; x_wconf 90' lang='lat' dir='ltr'><strong><em>Vol.</em></strong></span> <span class='ocrx_word' id='word_1_126' title='bbox 718 1185 739 1225; x_wconf 90' lang='lat' dir='ltr'>I</span> <span class='ocrx_word' id='word_1_127' title='bbox 768 1202 808 1240; x_wconf 85' lang='lat' dir='ltr'><strong><em>p.</em></strong></span> <span class='ocrx_word' id='word_1_128' title='bbox 830 1184 1119 1238; x_wconf 61' lang='lat' dir='ltr'>LXXXIV]</span> <span class='ocrx_word' id='word_1_129' title='bbox 1238 1189 1365 1241; x_wconf 85' lang='lat' dir='ltr'><strong><em>operis</em></strong></span> <span class='ocrx_word' id='word_1_130' title='bbox 1387 1196 1580 1226; x_wconf 79' lang='lat' dir='ltr'><strong><em>auctores.</em></strong></span> 
     </span>
     <span class='ocr_line' id='line_1_16' title="bbox 136 1253 1523 1311; baseline -0.001 -16"><span class='ocrx_word' id='word_1_131' title='bbox 136 1266 224 1295; x_wconf 82' lang='lat' dir='ltr'><strong><em>sunt</em></strong></span> <span class='ocrx_word' id='word_1_132' title='bbox 252 1271 384 1295; x_wconf 86' lang='lat' dir='ltr'><strong><em>rursus</em></strong></span> <span class='ocrx_word' id='word_1_133' title='bbox 415 1257 635 1308; x_wconf 80' lang='lat' dir='ltr'><strong><em>interponit</em></strong></span> <span class='ocrx_word' id='word_1_134' title='bbox 665 1253 804 1307; x_wconf 86' lang='lat' dir='ltr'><strong>Camp.</strong></span> <span class='ocrx_word' id='word_1_135' title='bbox 909 1254 1066 1311; x_wconf 83' lang='lat' dir='ltr'><strong><em>forent.</em></strong></span> <span class='ocrx_word' id='word_1_136' title='bbox 1124 1263 1234 1292; x_wconf 76' lang='lat' dir='ltr'><strong><em>erant</em></strong></span> <span class='ocrx_word' id='word_1_137' title='bbox 1263 1253 1374 1294; x_wconf 80' lang='lat' dir='ltr'><strong>Sich.</strong></span> <span class='ocrx_word' id='word_1_138' title='bbox 1403 1256 1523 1294; x_wconf 84' lang='lat' dir='ltr'><strong><em>solus.</em></strong></span> 
     </span>
    </p>

    <p class='ocr_par' dir='ltr' id='par_1_6' title="bbox 136 1319 1585 1911">
     <span class='ocr_line' id='line_1_17' title="bbox 246 1319 1581 1375; baseline -0.002 -11"><span class='ocrx_word' id='word_1_139' title='bbox 246 1327 283 1375; x_wconf 84' lang='lat'><strong><em>§.</em></strong></span> <span class='ocrx_word' id='word_1_140' title='bbox 314 1328 382 1363; x_wconf 87' lang='lat'><strong><em>22.</em></strong></span> <span class='ocrx_word' id='word_1_141' title='bbox 442 1325 671 1375; x_wconf 82' lang='lat' dir='ltr'><strong><em>scriptores.</em></strong></span> <span class='ocrx_word' id='word_1_142' title='bbox 721 1332 899 1361; x_wconf 78' lang='lat' dir='ltr'><strong><em>auctores</em></strong></span> <span class='ocrx_word' id='word_1_143' title='bbox 928 1321 1081 1361; x_wconf 84' lang='lat' dir='ltr'><strong><em>habent</em></strong></span> <span class='ocrx_word' id='word_1_144' title='bbox 1102 1324 1223 1360; x_wconf 83' lang='lat' dir='ltr'><strong><em>etiam</em></strong></span> <span class='ocrx_word' id='word_1_145' title='bbox 1243 1320 1370 1362; x_wconf 79' lang='lat' dir='ltr'><strong><em>Aan.</em></strong></span> <span class='ocrx_word' id='word_1_146' title='bbox 1393 1326 1434 1361; x_wconf 85' lang='lat'><strong><em>2.</em></strong></span> <span class='ocrx_word' id='word_1_147' title='bbox 1456 1319 1581 1361; x_wconf 82' lang='lat' dir='ltr'><strong><em>Paris.</em></strong></span> 
     </span>
     <span class='ocr_line' id='line_1_18' title="bbox 137 1387 1468 1441; baseline -0.002 -11"><span class='ocrx_word' id='word_1_148' title='bbox 137 1394 176 1430; x_wconf 82' lang='lat'><strong><em>1.</em></strong></span> <span class='ocrx_word' id='word_1_149' title='bbox 196 1395 235 1432; x_wconf 83' lang='lat'><strong><em>2.</em></strong></span> <span class='ocrx_word' id='word_1_150' title='bbox 257 1395 295 1430; x_wconf 87' lang='grc'><strong><em>3.</em></strong></span> <span class='ocrx_word' id='word_1_151' title='bbox 329 1389 468 1441; x_wconf 83' lang='lat' dir='ltr'><strong>Camp.</strong></span> <span class='ocrx_word' id='word_1_152' title='bbox 504 1387 605 1429; x_wconf 87' lang='lat' dir='ltr'><strong><em>Obr.</em></strong></span> <span class='ocrx_word' id='word_1_153' title='bbox 635 1390 725 1428; x_wconf 84' lang='lat' dir='ltr'><strong><em>fort.</em></strong></span> <span class='ocrx_word' id='word_1_154' title='bbox 757 1387 883 1429; x_wconf 87' lang='lat' dir='ltr'><strong>Amb.</strong></span> <span class='ocrx_word' id='word_1_155' title='bbox 917 1395 979 1440; x_wconf 84' lang='lat'><strong><em>1.;</em></strong></span> <span class='ocrx_word' id='word_1_156' title='bbox 1029 1392 1150 1428; x_wconf 83' lang='lat' dir='ltr'><strong><em>etiam</em></strong></span> <span class='ocrx_word' id='word_1_157' title='bbox 1179 1388 1285 1430; x_wconf 84' lang='lat' dir='ltr'><strong><em>Flor.</em></strong></span> <span class='ocrx_word' id='word_1_158' title='bbox 1316 1390 1468 1428; x_wconf 84' lang='lat' dir='ltr'><strong><em>siletur.</em></strong></span> 
     </span>
     <span class='ocr_line' id='line_1_19' title="bbox 137 1455 1585 1511; baseline -0.002 -15"><span class='ocrx_word' id='word_1_159' title='bbox 137 1457 338 1511; x_wconf 76' lang='lat' dir='ltr'><strong><em>cujusdam</em></strong></span> <span class='ocrx_word' id='word_1_160' title='bbox 366 1457 524 1497; x_wconf 83' lang='lat' dir='ltr'><strong><em>videtur</em></strong></span> <span class='ocrx_word' id='word_1_161' title='bbox 552 1455 736 1509; x_wconf 83' lang='lat' dir='ltr'>sphahna</span> <span class='ocrx_word' id='word_1_162' title='bbox 765 1465 920 1495; x_wconf 76' lang='lat' dir='ltr'><strong><em>nostrae</em></strong></span> <span class='ocrx_word' id='word_1_163' title='bbox 952 1457 1072 1507; x_wconf 84' lang='lat' dir='ltr'><strong><em>edit.,</em></strong></span> <span class='ocrx_word' id='word_1_164' title='bbox 1119 1458 1191 1495; x_wconf 83' lang='lat' dir='ltr'><strong><em>etsi</em></strong></span> <span class='ocrx_word' id='word_1_165' title='bbox 1219 1457 1329 1495; x_wconf 89' lang='lat' dir='ltr'><strong><em>idem</em></strong></span> <span class='ocrx_word' id='word_1_166' title='bbox 1356 1457 1509 1508; x_wconf 81' lang='lat' dir='ltr'><strong><em>reperio</em></strong></span> <span class='ocrx_word' id='word_1_167' title='bbox 1537 1456 1585 1493; x_wconf 83' lang='lat' dir='ltr'><strong><em>in</em></strong></span> 
     </span>
     <span class='ocr_line' id='line_1_20' title="bbox 137 1519 1583 1578; baseline -0.003 -13"><span class='ocrx_word' id='word_1_168' title='bbox 137 1523 245 1565; x_wconf 87' lang='lat' dir='ltr'><strong><em>Jens.</em></strong></span> <span class='ocrx_word' id='word_1_169' title='bbox 287 1522 386 1565; x_wconf 75' lang='lat' dir='ltr'><strong><em>Loo·</em></strong></span> <span class='ocrx_word' id='word_1_170' title='bbox 425 1522 562 1575; x_wconf 88' lang='lat' dir='ltr'><strong><em>Ven.;</em></strong></span> <span class='ocrx_word' id='word_1_171' title='bbox 615 1531 706 1563; x_wconf 79' lang='lat' dir='ltr'><strong><em>cett.</em></strong></span> <span class='ocrx_word' id='word_1_172' title='bbox 748 1538 886 1563; x_wconf 87' lang='lat' dir='ltr'><strong><em>omues</em></strong></span> <span class='ocrx_word' id='word_1_173' title='bbox 927 1525 1173 1578; x_wconf 82' lang='lat' dir='ltr'><strong><em>cujusquam,</em></strong></span> <span class='ocrx_word' id='word_1_174' title='bbox 1222 1531 1377 1576; x_wconf 84' lang='lat' dir='ltr'><strong><em>praeter</em></strong></span> <span class='ocrx_word' id='word_1_175' title='bbox 1413 1519 1583 1573; x_wconf 88' lang='lat' dir='ltr'><strong>Aldum‚</strong></span> 
     </span>
     <span class='ocr_line' id='line_1_21' title="bbox 137 1586 1585 1646; baseline -0.001 -16"><span class='ocrx_word' id='word_1_176' title='bbox 137 1594 208 1646; x_wconf 90' lang='lat' dir='ltr'><strong><em>qui</em></strong></span> <span class='ocrx_word' id='word_1_177' title='bbox 238 1593 304 1631; x_wconf 85' lang='lat' dir='ltr'><strong><em>dat</em></strong></span> <span class='ocrx_word' id='word_1_178' title='bbox 335 1593 515 1645; x_wconf 80' lang='lat' dir='ltr'><strong><em>cuiquam</em></strong></span> <span class='ocrx_word' id='word_1_179' title='bbox 551 1605 642 1630; x_wconf 89' lang='lat' dir='ltr'><strong><em>cum</em></strong></span> <span class='ocrx_word' id='word_1_180' title='bbox 678 1588 800 1631; x_wconf 86' lang='lat' dir='ltr'><strong><em>Goth.</em></strong></span> <span class='ocrx_word' id='word_1_181' title='bbox 834 1590 952 1631; x_wconf 87' lang='lat' dir='ltr'><strong><em>Voss.</em></strong></span> <span class='ocrx_word' id='word_1_182' title='bbox 974 1597 1013 1633; x_wconf 81' lang='lat'><strong><em>2.</em></strong></span> <span class='ocrx_word' id='word_1_183' title='bbox 1127 1589 1314 1644; x_wconf 83' lang='lat' dir='ltr'><strong><em>plurium.</em></strong></span> <span class='ocrx_word' id='word_1_184' title='bbox 1372 1586 1435 1628; x_wconf 88' lang='lat' dir='ltr'><strong><em>Ita</em></strong></span> <span class='ocrx_word' id='word_1_185' title='bbox 1463 1591 1585 1628; x_wconf 86' lang='lat' dir='ltr'><strong><em>etiam</em></strong></span> 
     </span>
     <span class='ocr_line' id='line_1_22' title="bbox 136 1654 1583 1712; baseline -0.001 -14"><span class='ocrx_word' id='word_1_186' title='bbox 136 1656 260 1701; x_wconf 81' lang='lat' dir='ltr'><strong><em>Paris.</em></strong></span> <span class='ocrx_word' id='word_1_187' title='bbox 287 1665 326 1701; x_wconf 90' lang='grc'><strong>2.</strong></span> <span class='ocrx_word' id='word_1_188' title='bbox 370 1658 538 1712; x_wconf 84' lang='lat' dir='ltr'>Camp.;</span> <span class='ocrx_word' id='word_1_189' title='bbox 586 1661 675 1698; x_wconf 82' lang='lat' dir='ltr'><strong><em>rell.</em></strong></span> <span class='ocrx_word' id='word_1_190' title='bbox 705 1661 896 1709; x_wconf 81' lang='lat' dir='ltr'><strong><em>silentur,</em></strong></span> <span class='ocrx_word' id='word_1_191' title='bbox 949 1661 1071 1698; x_wconf 82' lang='lat' dir='ltr'><strong><em>etiam</em></strong></span> <span class='ocrx_word' id='word_1_192' title='bbox 1097 1656 1223 1698; x_wconf 86' lang='lat' dir='ltr'>Amb.</span> <span class='ocrx_word' id='word_1_193' title='bbox 1246 1663 1308 1705; x_wconf 87' lang='lat'><strong><em>1.,</em></strong></span> <span class='ocrx_word' id='word_1_194' title='bbox 1358 1670 1451 1696; x_wconf 86' lang='lat' dir='ltr'><strong><em>cum</em></strong></span> <span class='ocrx_word' id='word_1_195' title='bbox 1480 1654 1583 1696; x_wconf 77' lang='lat' dir='ltr'>Obr;</span> 
     </span>
     <span class='ocr_line' id='line_1_23' title="bbox 139 1722 1583 1781; baseline -0.001 -17"><span class='ocrx_word' id='word_1_196' title='bbox 139 1726 292 1766; x_wconf 83' lang='lat' dir='ltr'><strong><em>dederit</em></strong></span> <span class='ocrx_word' id='word_1_197' title='bbox 319 1726 542 1781; x_wconf 79' lang='lat' dir='ltr'><strong><em>plurimum.</em></strong></span> <span class='ocrx_word' id='word_1_198' title='bbox 598 1724 810 1779; x_wconf 82' lang='lat' dir='ltr'><strong><em>plurimum</em></strong></span> <span class='ocrx_word' id='word_1_199' title='bbox 850 1729 1025 1765; x_wconf 81' lang='lat' dir='ltr'><strong><em>retinent</em></strong></span> <span class='ocrx_word' id='word_1_200' title='bbox 1057 1724 1181 1764; x_wconf 85' lang='lat' dir='ltr'><strong>Paris.</strong></span> <span class='ocrx_word' id='word_1_201' title='bbox 1206 1729 1244 1764; x_wconf 86' lang='lat'><strong><em>1.</em></strong></span> <span class='ocrx_word' id='word_1_202' title='bbox 1265 1728 1305 1764; x_wconf 89' lang='grc'><strong>5.</strong></span> <span class='ocrx_word' id='word_1_203' title='bbox 1422 1722 1583 1778; x_wconf 60' lang='lat' dir='ltr'><strong><em>corffero</em></strong></span> 
     </span>
     <span class='ocr_line' id='line_1_24' title="bbox 139 1789 1582 1851; baseline -0.001 -20"><span class='ocrx_word' id='word_1_204' title='bbox 139 1794 217 1832; x_wconf 86' lang='lat' dir='ltr'><strong><em>inv.</em></strong></span> <span class='ocrx_word' id='word_1_205' title='bbox 267 1797 346 1833; x_wconf 83' lang='lat' dir='ltr'><strong><em>inv.</em></strong></span> <span class='ocrx_word' id='word_1_206' title='bbox 372 1793 478 1851; x_wconf 68' lang='lat' dir='ltr'><strong><em>corf.</em></strong></span> <span class='ocrx_word' id='word_1_207' title='bbox 511 1792 650 1846; x_wconf 87' lang='lat' dir='ltr'><strong>Camp.</strong></span> <span class='ocrx_word' id='word_1_208' title='bbox 765 1795 960 1832; x_wconf 75' lang='lat' dir='ltr'><strong><em>meruisse.</em></strong></span> <span class='ocrx_word' id='word_1_209' title='bbox 1004 1793 1262 1845; x_wconf 81' lang='lat' dir='ltr'><strong><em>promeruisse</em></strong></span> <span class='ocrx_word' id='word_1_210' title='bbox 1288 1789 1398 1830; x_wconf 86' lang='lat' dir='ltr'><strong><em>Jens.</em></strong></span> <span class='ocrx_word' id='word_1_211' title='bbox 1423 1798 1463 1829; x_wconf 82' lang='lat' dir='ltr'><strong><em>et</em></strong></span> <span class='ocrx_word' id='word_1_212' title='bbox 1481 1797 1582 1843; x_wconf 85' lang='lat' dir='ltr'><strong><em>post.</em></strong></span> 
     </span>
     <span class='ocr_line' id='line_1_25' title="bbox 140 1855 1394 1911; baseline -0.003 -11"><span class='ocrx_word' id='word_1_213' title='bbox 140 1869 230 1900; x_wconf 79' lang='lat' dir='ltr'><strong><em>ante</em></strong></span> <span class='ocrx_word' id='word_1_214' title='bbox 261 1859 412 1910; x_wconf 85' lang='lat' dir='ltr'><strong><em>Stoer.,</em></strong></span> <span class='ocrx_word' id='word_1_215' title='bbox 456 1877 543 1903; x_wconf 83' lang='lat' dir='ltr'><strong><em>exc.</em></strong></span> <span class='ocrx_word' id='word_1_216' title='bbox 576 1860 687 1901; x_wconf 79' lang='lat' dir='ltr'><strong>Sich.</strong></span> <span class='ocrx_word' id='word_1_217' title='bbox 704 1890 716 1911; x_wconf 87' lang='lat'><em>,</em></span> <span class='ocrx_word' id='word_1_218' title='bbox 759 1874 853 1900; x_wconf 91' lang='lat' dir='ltr'><strong><em>cum</em></strong></span> <span class='ocrx_word' id='word_1_219' title='bbox 879 1859 1026 1900; x_wconf 85' lang='lat' dir='ltr'><strong><em>Joann.</em></strong></span> <span class='ocrx_word' id='word_1_220' title='bbox 1057 1857 1175 1899; x_wconf 85' lang='lat' dir='ltr'><strong><em>Voss.</em></strong></span> <span class='ocrx_word' id='word_1_221' title='bbox 1199 1862 1238 1899; x_wconf 83' lang='lat'><strong><em>3.</em></strong></span> <span class='ocrx_word' id='word_1_222' title='bbox 1271 1855 1394 1898; x_wconf 88' lang='lat' dir='ltr'><strong><em>Goth.</em></strong></span> 
     </span>
    </p>
   </div>
   <div class='ocr_carea' id='block_1_3' title="bbox 717 1978 1003 2023">
    <p class='ocr_par' dir='ltr' id='par_1_7' title="bbox 717 1978 1003 2023">
     <span class='ocr_line' id='line_1_26' title="bbox 717 1978 1003 2023; baseline -0.007 0"><span class='ocrx_word' id='word_1_223' title='bbox 717 1981 753 2023; x_wconf 89' lang='lat' dir='ltr'>C</span> <span class='ocrx_word' id='word_1_224' title='bbox 783 1996 812 2022; x_wconf 77' lang='lat' dir='ltr'><strong>A</strong></span> <span class='ocrx_word' id='word_1_225' title='bbox 845 1997 883 2022; x_wconf 68' lang='grc' dir='ltr'><strong><em>ι’.</em></strong></span> <span class='ocrx_word' id='word_1_226' title='bbox 941 1978 1003 2021; x_wconf 88' lang='lat' dir='ltr'><strong><em>II.</em></strong></span> 
     </span>
    </p>
   </div>
   <div class='ocr_carea' id='block_1_4' title="bbox 142 2055 1583 2184">
    <p class='ocr_par' dir='ltr' id='par_1_8' title="bbox 142 2055 1583 2184">
     <span class='ocr_line' id='line_1_27' title="bbox 252 2055 1583 2102; baseline -0.003 0"><span class='ocrx_word' id='word_1_227' title='bbox 252 2059 485 2102; x_wconf 81' lang='lat' dir='ltr'><strong><em>Inscribitur</em></strong></span> <span class='ocrx_word' id='word_1_228' title='bbox 518 2064 574 2102; x_wconf 83' lang='lat' dir='ltr'><strong><em>sic</em></strong></span> <span class='ocrx_word' id='word_1_229' title='bbox 610 2064 656 2100; x_wconf 87' lang='lat' dir='ltr'><strong><em>in</em></strong></span> <span class='ocrx_word' id='word_1_230' title='bbox 695 2058 822 2101; x_wconf 87' lang='lat' dir='ltr'><strong>Amb.</strong></span> <span class='ocrx_word' id='word_1_231' title='bbox 845 2065 882 2099; x_wconf 85' lang='lat'><strong><em>1.</em></strong></span> <span class='ocrx_word' id='word_1_232' title='bbox 904 2065 943 2101; x_wconf 90' lang='lat'><strong><em>2.</em></strong></span> <span class='ocrx_word' id='word_1_233' title='bbox 985 2058 1121 2100; x_wconf 77' lang='lat' dir='ltr'><strong>Turio.</strong></span> <span class='ocrx_word' id='word_1_234' title='bbox 1152 2058 1260 2099; x_wconf 84' lang='lat' dir='ltr'><strong><em>Flor.</em></strong></span> <span class='ocrx_word' id='word_1_235' title='bbox 1293 2056 1427 2099; x_wconf 87' lang='lat' dir='ltr'><strong><em>Guelf.</em></strong></span> <span class='ocrx_word' id='word_1_236' title='bbox 1460 2055 1583 2099; x_wconf 87' lang='lat' dir='ltr'><strong><em>Goth.</em></strong></span> 
     </span>
     <span class='ocr_line' id='line_1_28' title="bbox 142 2123 1582 2184; baseline -0.003 -15"><span class='ocrx_word' id='word_1_237' title='bbox 142 2139 182 2170; x_wconf 89' lang='lat' dir='ltr'><strong><em>et</em></strong></span> <span class='ocrx_word' id='word_1_238' title='bbox 219 2131 334 2182; x_wconf 84' lang='lat' dir='ltr'><strong><em>edd.‚</em></strong></span> <span class='ocrx_word' id='word_1_239' title='bbox 382 2138 538 2184; x_wconf 81' lang='lat' dir='ltr'><strong><em>praeter</em></strong></span> <span class='ocrx_word' id='word_1_240' title='bbox 579 2127 717 2182; x_wconf 85' lang='lat' dir='ltr'>Camp.</span> <span class='ocrx_word' id='word_1_241' title='bbox 769 2127 870 2169; x_wconf 87' lang='lat' dir='ltr'><strong>Obr.</strong></span> <span class='ocrx_word' id='word_1_242' title='bbox 917 2125 1063 2168; x_wconf 83' lang='lat' dir='ltr'><strong><em>Gesn.:</em></strong></span> <span class='ocrx_word' id='word_1_243' title='bbox 1115 2126 1230 2180; x_wconf 70' lang='lat' dir='ltr'><strong><em>Quod</em></strong></span> <span class='ocrx_word' id='word_1_244' title='bbox 1275 2125 1410 2180; x_wconf 74' lang='lat' dir='ltr'><strong>(Quid</strong></span> <span class='ocrx_word' id='word_1_245' title='bbox 1459 2123 1582 2167; x_wconf 90' lang='lat' dir='ltr'><strong><em>Goth.</em></strong></span> 
     </span>
    </p>
   </div>
   <div class='ocr_carea' id='block_1_5' title="bbox 144 2196 729 2251">
    <p class='ocr_par' dir='ltr' id='par_1_9' title="bbox 144 2196 729 2251">
     <span class='ocr_line' id='line_1_29' title="bbox 144 2196 729 2251; baseline -0.003 -14"><span class='ocrx_word' id='word_1_246' title='bbox 144 2196 168 2237; x_wconf 91' lang='lat' dir='ltr'><strong>J</strong></span> <span class='ocrx_word' id='word_1_247' title='bbox 170 2212 250 2238; x_wconf 87' lang='lat' dir='ltr'><strong><em>ens.</em></strong></span> <span class='ocrx_word' id='word_1_248' title='bbox 265 2197 280 2251; x_wconf 94' lang='lat'><em>)</em></span> <span class='ocrx_word' id='word_1_249' title='bbox 316 2200 471 2236; x_wconf 85' lang='lat' dir='ltr'><strong><em>initium</em></strong></span> <span class='ocrx_word' id='word_1_250' title='bbox 503 2196 729 2236; x_wconf 75' lang='lat' dir='ltr'><strong><em>rhetorices.</em></strong></span> 
     </span>
    </p>
   </div>
   <div class='ocr_carea' id='block_1_6' title="bbox 144 2260 1587 2653">
    <p class='ocr_par' dir='ltr' id='par_1_10' title="bbox 144 2260 1587 2453">
     <span class='ocr_line' id='line_1_30' title="bbox 256 2260 1585 2317; baseline -0.006 -12"><span class='ocrx_word' id='word_1_251' title='bbox 256 2269 291 2317; x_wconf 64' lang='grc' dir='ltr'><strong><em>ξ.</em></strong></span> <span class='ocrx_word' id='word_1_252' title='bbox 325 2269 363 2305; x_wconf 90' lang='grc'><strong><em>1.</em></strong></span> <span class='ocrx_word' id='word_1_253' title='bbox 418 2281 545 2303; x_wconf 84' lang='lat' dir='ltr'><strong><em>rerum</em></strong></span> <span class='ocrx_word' id='word_1_254' title='bbox 573 2273 654 2305; x_wconf 85' lang='lat' dir='ltr'><strong><em>nat.</em></strong></span> <span class='ocrx_word' id='word_1_255' title='bbox 713 2273 795 2303; x_wconf 81' lang='lat' dir='ltr'><strong><em>nat.</em></strong></span> <span class='ocrx_word' id='word_1_256' title='bbox 827 2279 902 2302; x_wconf 86' lang='lat' dir='ltr'><strong><em>rer.</em></strong></span> <span class='ocrx_word' id='word_1_257' title='bbox 936 2260 1070 2303; x_wconf 85' lang='lat' dir='ltr'><strong><em>Guelf.</em></strong></span> <span class='ocrx_word' id='word_1_258' title='bbox 1186 2260 1418 2315; x_wconf 85' lang='lat' dir='ltr'><strong><em>acceperint.</em></strong></span> <span class='ocrx_word' id='word_1_259' title='bbox 1471 2274 1585 2299; x_wconf 85' lang='lat' dir='ltr'><strong><em>acce-</em></strong></span> 
     </span>
     <span class='ocr_line' id='line_1_31' title="bbox 144 2328 1587 2386; baseline -0.003 -17"><span class='ocrx_word' id='word_1_260' title='bbox 144 2343 280 2385; x_wconf 75' lang='lat' dir='ltr'><strong><em>perant</em></strong></span> <span class='ocrx_word' id='word_1_261' title='bbox 316 2331 422 2372; x_wconf 87' lang='lat' dir='ltr'><strong><em>Flor.</em></strong></span> <span class='ocrx_word' id='word_1_262' title='bbox 462 2347 486 2371; x_wconf 84' lang='lat' dir='ltr'><strong>a</strong></span> <span class='ocrx_word' id='word_1_263' title='bbox 522 2347 581 2386; x_wconf 85' lang='lat' dir='ltr'><strong><em>pr.</em></strong></span> <span class='ocrx_word' id='word_1_264' title='bbox 624 2345 679 2370; x_wconf 91' lang='lat' dir='ltr'><strong><em>m.</em></strong></span> <span class='ocrx_word' id='word_1_265' title='bbox 719 2328 831 2371; x_wconf 88' lang='lat' dir='ltr'>Alm.</span> <span class='ocrx_word' id='word_1_266' title='bbox 869 2329 995 2371; x_wconf 88' lang='lat' dir='ltr'><strong>Amb.</strong></span> <span class='ocrx_word' id='word_1_267' title='bbox 1024 2335 1062 2371; x_wconf 90' lang='lat'><strong><em>1.</em></strong></span> <span class='ocrx_word' id='word_1_268' title='bbox 1177 2343 1377 2368; x_wconf 82' lang='lat' dir='ltr'><strong><em>summam.</em></strong></span> <span class='ocrx_word' id='word_1_269' title='bbox 1435 2341 1587 2366; x_wconf 78' lang='lat' dir='ltr'><strong><em>summa</em></strong></span> 
     </span>
     <span class='ocr_line' id='line_1_32' title="bbox 149 2397 868 2453; baseline 0.004 -18"><span class='ocrx_word' id='word_1_270' title='bbox 149 2402 266 2437; x_wconf 84' lang='lat' dir='ltr'><strong><em>etiam</em></strong></span> <span class='ocrx_word' id='word_1_271' title='bbox 298 2398 436 2453; x_wconf 84' lang='lat' dir='ltr'><strong>Camp.</strong></span> <span class='ocrx_word' id='word_1_272' title='bbox 551 2409 701 2437; x_wconf 84' lang='lat' dir='ltr'><strong><em>sumam</em></strong></span> <span class='ocrx_word' id='word_1_273' title='bbox 730 2397 868 2438; x_wconf 83' lang='lat' dir='ltr'><strong><em>Turio.</em></strong></span> 
     </span>
    </p>

    <p class='ocr_par' dir='ltr' id='par_1_11' title="bbox 151 2459 1587 2653">
     <span class='ocr_line' id='line_1_33' title="bbox 261 2459 1587 2521; baseline -0.005 -17"><span class='ocrx_word' id='word_1_274' title='bbox 261 2470 295 2518; x_wconf 57' lang='grc' dir='ltr'><strong><em>ξ.</em></strong></span> <span class='ocrx_word' id='word_1_275' title='bbox 325 2472 364 2507; x_wconf 88' lang='grc'><strong><em>2.</em></strong></span> <span class='ocrx_word' id='word_1_276' title='bbox 419 2476 567 2521; x_wconf 83' lang='lat' dir='ltr'><strong><em>putent.</em></strong></span> <span class='ocrx_word' id='word_1_277' title='bbox 616 2475 757 2520; x_wconf 82' lang='lat' dir='ltr'><strong><em>putant</em></strong></span> <span class='ocrx_word' id='word_1_278' title='bbox 788 2463 910 2506; x_wconf 85' lang='lat' dir='ltr'><strong><em>Goth.</em></strong></span> <span class='ocrx_word' id='word_1_279' title='bbox 943 2478 1035 2505; x_wconf 85' lang='lat' dir='ltr'><strong><em>cum</em></strong></span> <span class='ocrx_word' id='word_1_280' title='bbox 1065 2461 1173 2502; x_wconf 84' lang='lat' dir='ltr'><strong>Sich.</strong></span> <span class='ocrx_word' id='word_1_281' title='bbox 1291 2459 1395 2514; x_wconf 74' lang='lat' dir='ltr'><strong><em>quod</em></strong></span> <span class='ocrx_word' id='word_1_282' title='bbox 1424 2462 1469 2500; x_wconf 80' lang='lat' dir='ltr'><strong><em>ii.</em></strong></span> <span class='ocrx_word' id='word_1_283' title='bbox 1518 2460 1587 2514; x_wconf 79' lang='lat' dir='ltr'><strong><em>qui</em></strong></span> 
     </span>
     <span class='ocr_line' id='line_1_34' title="bbox 151 2525 1583 2588; baseline -0.003 -18"><span class='ocrx_word' id='word_1_284' title='bbox 151 2531 195 2570; x_wconf 75' lang='lat' dir='ltr'><strong><em>hi</em></strong></span> <span class='ocrx_word' id='word_1_285' title='bbox 225 2531 360 2585; x_wconf 79' lang='lat' dir='ltr'><strong>Camp.</strong></span> <span class='ocrx_word' id='word_1_286' title='bbox 420 2532 524 2588; x_wconf 74' lang='lat' dir='ltr'><strong><em>quod</em></strong></span> <span class='ocrx_word' id='word_1_287' title='bbox 541 2533 584 2572; x_wconf 80' lang='lat' dir='ltr'><strong><em>Izi</em></strong></span> <span class='ocrx_word' id='word_1_288' title='bbox 610 2531 736 2573; x_wconf 88' lang='lat' dir='ltr'><strong>Amb.</strong></span> <span class='ocrx_word' id='word_1_289' title='bbox 763 2537 801 2573; x_wconf 86' lang='lat'><strong><em>1.</em></strong></span> <span class='ocrx_word' id='word_1_290' title='bbox 916 2531 1170 2571; x_wconf 79' lang='lat' dir='ltr'><strong><em>vocabantur.</em></strong></span> <span class='ocrx_word' id='word_1_291' title='bbox 1217 2527 1458 2567; x_wconf 79' lang='lat' dir='ltr'><strong><em>vocabuntur</em></strong></span> <span class='ocrx_word' id='word_1_292' title='bbox 1476 2525 1583 2567; x_wconf 82' lang='lat' dir='ltr'><strong><em>Flor.</em></strong></span> 
     </span>
     <span class='ocr_line' id='line_1_35' title="bbox 153 2593 1583 2653; baseline -0.006 -14"><span class='ocrx_word' id='word_1_293' title='bbox 153 2614 174 2637; x_wconf 87' lang='lat' dir='ltr'>a</span> <span class='ocrx_word' id='word_1_294' title='bbox 204 2615 261 2651; x_wconf 83' lang='lat' dir='ltr'><strong><em>pr.</em></strong></span> <span class='ocrx_word' id='word_1_295' title='bbox 293 2615 346 2639; x_wconf 91' lang='lat' dir='ltr'><strong><em>m.</em></strong></span> <span class='ocrx_word' id='word_1_296' title='bbox 462 2602 522 2639; x_wconf 86' lang='lat' dir='ltr'><strong><em>sui</em></strong></span> <span class='ocrx_word' id='word_1_297' title='bbox 557 2602 702 2653; x_wconf 78' lang='lat' dir='ltr'><strong><em>gratia.</em></strong></span> <span class='ocrx_word' id='word_1_298' title='bbox 765 2616 828 2653; x_wconf 81' lang='lat' dir='ltr'><strong><em>gr.</em></strong></span> <span class='ocrx_word' id='word_1_299' title='bbox 869 2601 932 2638; x_wconf 84' lang='lat' dir='ltr'><strong><em>sui</em></strong></span> <span class='ocrx_word' id='word_1_300' title='bbox 969 2597 1108 2648; x_wconf 82' lang='lat' dir='ltr'><strong>Camp.</strong></span> <span class='ocrx_word' id='word_1_301' title='bbox 1167 2596 1231 2633; x_wconf 83' lang='lat' dir='ltr'><strong><em>sui</em></strong></span> <span class='ocrx_word' id='word_1_302' title='bbox 1267 2596 1440 2647; x_wconf 78' lang='lat' dir='ltr'><strong><em>gratiam</em></strong></span> <span class='ocrx_word' id='word_1_303' title='bbox 1474 2593 1583 2634; x_wconf 85' lang='lat' dir='ltr'><strong><em>Flor.</em></strong></span> 
     </span>
    </p>
   </div>
   <div class='ocr_carea' id='block_1_7' title="bbox 150 2659 1585 2714">
    <p class='ocr_par' dir='ltr' id='par_1_12' title="bbox 150 2659 1585 2714">
     <span class='ocr_line' id='line_1_36' title="bbox 150 2659 1585 2714; baseline -0.003 -8"><span class='ocrx_word' id='word_1_304' title='bbox 150 2665 286 2706; x_wconf 74' lang='grc' dir='ltr'><strong>Τιἰτὶο.</strong></span> <span class='ocrx_word' id='word_1_305' title='bbox 412 2670 661 2708; x_wconf 77' lang='lat' dir='ltr'><strong><em>instituerint.</em></strong></span> <span class='ocrx_word' id='word_1_306' title='bbox 731 2670 979 2706; x_wconf 83' lang='lat' dir='ltr'><strong><em>instituerunt</em></strong></span> <span class='ocrx_word' id='word_1_307' title='bbox 1027 2661 1160 2704; x_wconf 81' lang='lat' dir='ltr'><strong><em>Guelf.</em></strong></span> <span class='ocrx_word' id='word_1_308' title='bbox 1206 2663 1345 2714; x_wconf 80' lang='lat' dir='ltr'><strong>Camp.</strong></span> <span class='ocrx_word' id='word_1_309' title='bbox 1474 2659 1585 2701; x_wconf 76' lang='lat' dir='ltr'><strong><em>dicit.</em></strong></span> 
     </span>
    </p>
   </div>
  </div>
 </body>
</html>
