1721 2974
120 121 202 158 392
576 114 851 170 Supplcmenta
890 114 1157 154 annotationis

709 226 739 267 C
772 242 799 267 A
832 242 871 266 r.
936 223 1000 266 ll.

239 317 308 359 Ab
355 318 434 358 hoc
478 300 577 357 inde
625 319 754 370 capite
805 314 1089 369 Spaldingius,
1139 331 1244 371 quae
1289 320 1484 370 praesidia
1530 325 1581 364 ad

128 385 433 440 Quintiliantun
472 385 772 424 emendandum
811 386 997 436 collegit,
1046 386 1131 437 ipse
1168 386 1290 424 simul
1326 389 1513 436 omnibus
1542 400 1584 430 et

129 470 177 495 ea
199 455 367 510 quidem
395 455 603 505 diligentia
636 454 695 489 uti
715 454 870 504 coepit,
912 460 957 490 ut
975 451 1081 490 nihil
1098 455 1428 506 praetermiserit,
1473 457 1584 510 quod

130 525 297 574 alicujus
328 523 510 561 utilitatis
539 519 764 570 videretur,
801 522 901 573 quin
930 521 1170 571 excerpserit
1193 529 1233 559 et
1255 535 1349 560 cum
1368 523 1587 565 lectoribus

131 593 191 630 rei
222 593 382 630 criticae
410 587 595 627 studiosis
626 589 947 626 communicarit.
1004 583 1143 639 Itaque
1166 587 1355 627 effectum
1374 599 1444 640 est,
1476 594 1587 646 quod

130 672 205 698 nos
247 666 449 697 curaturos
488 656 768 706 promisimus,
819 663 865 693 ut
901 656 1178 693 commentarii
1215 653 1498 710 Spaldingiani
1535 660 1588 699 ad

133 740 225 764 eam
263 726 462 763 rationem
495 721 759 774 plenitudinis
799 730 839 762 et
879 723 1143 761 accurationis
1182 724 1487 778 supplerentur,
1535 727 1589 768 ad

133 807 258 847 quam
285 806 349 830 eos
379 792 462 842 ipse
495 789 820 841 diligentissimus
851 797 989 828 auctor
1017 789 1249 829 redacturus
1278 791 1438 843 fuisset,
1474 796 1509 833 si
1537 796 1589 834 ab

134 863 250 898 initio
290 859 401 896 idem
441 858 655 896 consilium
692 857 913 911 eademque
948 856 1145 914 praesidia
1174 859 1232 895 rei
1260 859 1363 897 bene
1392 861 1591 913 gerendae

134 927 362 975 habuisset,
402 938 530 979 quae,
573 938 667 963 cum
682 927 764 975 jam
788 925 838 963 ad
856 926 978 963 finem
995 932 1166 963 verteret
1186 928 1410 978 negotium,
1440 928 1591 968 habere

135 995 278 1046 coepit.
337 991 419 1033 Sed
444 994 516 1046 qui
548 990 610 1031 his
640 994 928 1045 supplementis
957 993 1068 1030 usuri
1095 1000 1217 1043 sunt,
1258 995 1362 1034 sicut
1379 997 1592 1048 ingenium

136 1061 301 1115 quidem
343 1060 562 1099 doctissimi
597 1060 824 1113 Spaldingii
869 1059 1171 1109 desiderabunt,
1220 1061 1278 1099 ita
1306 1062 1425 1101 facile
1453 1071 1593 1103 tamen

136 1130 215 1169 sibi
233 1128 551 1181 persuadebunt,
581 1129 788 1178 materiae,
819 1130 862 1166 in
895 1141 973 1180 qua
997 1127 1218 1177 elaborent,
1247 1136 1405 1167 tantam
1425 1132 1592 1182 molem,

137 1196 207 1236 sed
244 1210 331 1235 non
369 1195 515 1234 rudem
549 1196 666 1233 illam
701 1195 1024 1248 indigestamque
1061 1208 1086 1232 a
1120 1195 1237 1234 nobis
1277 1198 1466 1236 collatam
1494 1212 1593 1250 esse,

138 1266 210 1302 vix
248 1272 296 1302 ut
332 1265 482 1315 sperari
522 1264 741 1316 quicquam
776 1265 898 1315 possit
929 1263 1113 1314 amplius.
1183 1259 1386 1312 Quocirca
1414 1279 1466 1303 ne
1495 1265 1596 1320 quid

139 1331 248 1385 quod
297 1332 423 1370 semel
469 1332 755 1382 incepissemus
797 1330 1080 1381 imperfectum
1124 1331 1421 1382 omitteremus,
1474 1325 1596 1372 etiam

137 1407 228 1452 post
256 1398 367 1437 hunc
395 1398 542 1436 laboris
572 1399 700 1435 nostri
729 1399 845 1450 quasi
874 1399 1024 1447 justum
1062 1398 1187 1435 finem
1225 1395 1413 1437 Codicum
1443 1400 1600 1440 Parisi-

139 1481 282 1505 norum
320 1466 586 1517 discrepantes
620 1466 833 1516 scripturas
875 1478 927 1502 ex
971 1463 1148 1502 editione
1176 1463 1360 1504 Pottierii
1387 1481 1599 1520 excerpere

140 1535 416 1586 perreximust,
464 1533 594 1585 iisque
625 1531 753 1582 adjeci
779 1532 918 1571 breves
947 1530 1143 1585 quasdam
1173 1540 1243 1570 aut
1270 1546 1379 1571 meas
1404 1542 1475 1573 aut
1499 1537 1601 1575 alio-

139 1615 233 1640 rum
263 1600 480 1639 hominum
510 1598 722 1638 doctorum
763 1600 1082 1645 observationes,
1139 1602 1435 1650 opportunitate
1468 1605 1600 1654 potius

141 1668 344 1708 utendum
381 1675 513 1717 ratus,
566 1680 691 1720 quam
727 1665 771 1704 id
809 1679 929 1717 agens
958 1673 1004 1704 ut
1033 1665 1229 1718 quicquid
1259 1666 1308 1703 de
1341 1664 1600 1717 Quintiliano

141 1743 232 1790 post
278 1733 564 1788 Spaldingium
609 1734 750 1773 litteris
796 1732 1035 1772 mandatum
1071 1740 1171 1773 esset
1208 1733 1252 1772 in
1289 1731 1368 1772 hoc
1406 1737 1600 1776 volumen

141 1803 424 1856 constiparem.
455 1841 457 1843 ,

256 1914 296 1967 §.
326 1919 370 1955 2.
426 1913 599 1952 sinetis.
643 1909 711 1951 Sic
730 1910 821 1952 Par.
845 1917 884 1951 2.
946 1927 976 1949 s.
1008 1910 1067 1949 his
1094 1908 1185 1950 Par.
1216 1914 1252 1950 1.

259 1986 295 2035 §.
328 1984 368 2022 5.
411 1979 618 2019 mulceant.
660 1978 728 2020 Sic
749 1977 841 2019 Par.
866 1983 904 2017 1.
925 1984 965 2018 2.
1043 1987 1078 2015 et
1099 1976 1205 2034 conf
1243 1976 1334 2018 Par.
1356 1981 1396 2018 1.
1417 1984 1459 2020 2.
1477 1980 1547 2020 sed
1565 1997 1602 2023 c.

224 2050 434 2105 proxima.
465 2046 532 2087 Sic
562 2045 652 2087 Par.
683 2051 720 2086 1.
774 2047 966 2100 proximo
991 2041 1082 2085 Par.
1104 2050 1144 2086 2.

260 2119 293 2170 §.
325 2121 363 2156 6.
423 2131 659 2169 quanquam.
709 2113 802 2154 Par.
830 2118 866 2155 1.
887 2119 928 2154 2.
951 2129 1052 2153 cum.
1138 2112 1309 2153 videtur.
1349 2111 1419 2154 Sic
1441 2113 1534 2156 Par.
1562 2121 1599 2156 1.

147 2192 187 2228 2.
267 2183 431 2224 dicitur.
472 2180 541 2222 Sic
568 2181 661 2222 Par.
695 2186 733 2221 1.
755 2187 795 2222 2.

261 2253 304 2303 §0
332 2255 374 2292 7.
435 2259 503 2290 aut
521 2251 692 2290 venistis,
725 2247 833 2289 ‘Pan
861 2253 899 2288 1.
921 2246 1155 2288 advenistis.

263 2321 285 2371 §
329 2321 397 2360 15.
456 2319 778 2371 interrogatione.
817 2314 886 2357 Sic
906 2313 997 2355 Par.
1018 2319 1056 2354 1.
1077 2320 1119 2356 2.
1204 2315 1501 2368 suggestionem.
1532 2315 1602 2358 Sic

148 2386 238 2428 Par.
266 2391 304 2428 1.
331 2392 356 2427 2

262 2457 301 2504 §.
333 2458 400 2494 16.
460 2450 607 2492 reddet.
651 2449 743 2491 Par.
774 2454 812 2490 1.
834 2455 876 2490 2.
910 2447 1098 2488 redderet.

263 2521 301 2572 §.
335 2525 400 2560 18.
461 2535 562 2559 nom.
587 2534 678 2572 app.
727 2515 796 2558 Sic
819 2516 908 2557 Par.
934 2522 971 2556 1.
997 2521 1036 2557 2.

265 2590 301 2641 ᾗ.
333 2594 400 2630 20.
458 2584 720 2628 solicitudine.
750 2583 820 2627 Sic
847 2584 934 2626 I'ar.
970 2589 1007 2625 1.
1067 2581 1282 2624 solitudine
1312 2580 1401 2623 Par.
1424 2588 1460 2624 2.
