1695 2974
1443 141 1533 173 xix

196 237 339 292 ltaque
369 238 489 278 crisis
531 239 572 277 in
616 236 694 277 hac
737 245 851 291 parte
885 236 1025 289 operis
1059 234 1338 283 Quintilianei
1369 236 1533 278 difficil-

82 315 183 357 lima
207 325 285 367 est,
313 330 447 372 neque
475 329 568 355 eam
592 317 691 356 dum
720 317 880 355 exitum
908 315 1121 354 invenisse
1145 314 1388 367 praedicare
1414 314 1528 356 licet.

82 394 168 435 Sed
199 395 361 436 invenit
401 402 539 434 tamen
572 391 809 448 Spaldingii
848 391 998 447 religio
1030 401 1186 432 certum
1227 394 1433 447 quandam
1464 409 1529 434 ru-

81 476 262 524 tionem,
310 473 363 513 ad
393 485 516 526 quam
547 471 813 525 dirigeretur.
899 468 1010 510 Nam
1052 486 1146 511 cum
1186 471 1313 511 duce3
1354 471 1527 513 haberet

80 552 247 593 codices
297 550 575 592 Turicensem
631 558 672 589 et
721 548 1146 590 Almeloveenianum
1202 558 1243 590 et
1298 551 1525 592 editionem

79 628 308 685 Campani,
341 642 447 684 quae
477 642 565 668 non
590 626 770 668 obscure
795 628 847 668 ad
868 626 1161 668 Florentinum
1189 626 1344 668 librum
1376 638 1525 670 exacta

77 718 164 759 est,
193 717 421 763 posteaque
457 707 596 761 ipsum
623 704 917 746 Florentinum
955 714 1102 747 nactus
1133 714 1267 755 esset,
1309 705 1389 746 hoc
1420 716 1523 747 tam-

76 800 202 840 quam
232 786 506 827 fundamento
535 798 636 825 usus
658 793 723 824 est
747 786 1022 835 recensionis,
1053 785 1164 840 quod
1195 798 1277 825 non
1315 787 1524 825 omitteret

12 866 18 871 '
74 867 158 906 nisi
186 866 358 915 invitus,
389 872 460 905 aut
491 862 629 904 sicubi
666 864 855 917 ineptum
877 864 1089 904 videretur
1139 863 1380 913 defendere,
1413 878 1522 918 quae

73 943 267 984 obtinere
295 944 502 998 nequiret.
551 940 767 990 Quantum
793 941 1034 996 profecerit,
1063 949 1248 996 apparet.
1298 939 1409 982 Mihi
1430 942 1521 995 qui-

72 1022 167 1062 dem
187 1019 366 1062 multum
385 1021 565 1070 videtur,
601 1033 695 1060 cum
714 1017 822 1060 illud
842 1028 957 1060 certe
977 1029 1196 1061 assecutus
1219 1021 1287 1070 sit,
1319 1027 1366 1059 ut
1384 1033 1521 1060 remo-

71 1102 124 1141 tis
145 1101 331 1155 prioru1n
353 1099 563 1139 editorum
585 1099 760 1138 somniis
783 1099 875 1151 jam
899 1099 1095 1153 quicquid
1117 1098 1275 1139 editum
1297 1107 1374 1148 est,
1407 1106 1520 1139 certa

71 1179 236 1220 ratione
280 1178 439 1219 editum
487 1177 680 1217 videatur
720 1177 960 1231 nitaturque
1002 1179 1090 1218 suis
1131 1178 1253 1232 quasi
1290 1175 1518 1227 radicibus,

69 1270 322 1312 quamquam
362 1269 487 1310 saepe
526 1254 722 1296 infirmis.
802 1254 887 1294 Sed
935 1253 1112 1295 multum
1163 1269 1288 1309 porro
1330 1255 1520 1295 conferet

68 1333 377 1375 Ambrosianus
400 1332 433 1373 Ι.
491 1331 640 1388 Neque
673 1333 786 1372 enim
817 1330 941 1386 plane
972 1332 1024 1373 ab
1057 1335 1228 1388 antiqua
1257 1347 1334 1373 sua
1363 1335 1517 1373 virtute

67 1413 319 1468 degenerat,
354 1412 430 1452 sed
459 1412 586 1451 etiam
610 1412 654 1450 in
684 1409 807 1451 libris
827 1409 870 1450 V
890 1419 930 1451 et
948 1410 990 1451 V
993 1410 1033 1462 I,
1065 1413 1137 1466 qui
1166 1413 1346 1466 pessime
1378 1412 1519 1453 affecti

67 1499 167 1532 sunt
197 1504 251 1531 ex
283 1498 369 1530 toto
403 1503 552 1545 opere,
585 1487 847 1544 multumque
878 1491 1119 1532 etiamnunc
1151 1492 1307 1531 distant
1332 1505 1357 1530 a
1380 1492 1518 1530 nitore

66 1568 325 1625 reliquorum
351 1567 581 1619 librorum,
605 1582 731 1623 saepe
753 1567 847 1609 luce
871 1571 1085 1623 insperata
1107 1569 1303 1611 tenebras
1328 1571 1515 1611 discutit:

66 1657 109 1689 et
134 1649 268 1703 ipsam
296 1645 415 1688 illam
442 1649 745 1703 praestantiam
771 1662 852 1702 quo
875 1648 1144 1702 progreditur
1170 1647 1340 1704 longius
1370 1646 1534 1703 paula-·

67 1727 141 1768 tim
170 1728 342 1781 recipit3
395 1740 568 1781 prorsus
596 1734 738 1766 autem
777 1723 1035 1766 certissimae
1078 1728 1182 1768 cotis
1222 1729 1359 1767 vicem
1396 1740 1515 1781 prae—

66 1813 164 1857 stat,
197 1806 251 1846 ad
281 1819 405 1861 quam
435 1803 696 1860 reliquorum
725 1806 904 1846 virtutes
935 1813 976 1846 et
1005 1807 1107 1846 vitia
1136 1806 1375 1861 exigantur.

179 1962 307 2004 Hunc
346 1971 591 2019 apparatum
631 1964 824 2005 criticum
860 1965 992 2005 variis
1033 1962 1288 2005 lectionibus
1327 1964 1431 2004 auxi
1459 1977 1515 2005 ex

69 2041 286 2083 codicibus
315 2041 522 2083 Parisinis
550 2056 576 2082 a
604 2041 810 2083 Pottierio
842 2043 1052 2097 excerptis
1084 2051 1125 2082 et
1162 2043 1294 2097 ipsius
1336 2041 1516 2082 editioni

68 2121 202 2162 Paris.
243 2123 374 2170 1812,
406 2124 431 2162 3
459 2119 559 2161 voll.
591 2125 615 2163 8
646 2122 748 2162 min.
780 2121 971 2175 adjectis.
1049 2120 1135 2161 Sed
1174 2121 1371 2175 quoniam
1402 2120 1514 2160 idem

66 2198 294 2240 Pottierius
323 2200 564 2253 insequenti
592 2214 701 2240 anno
733 2198 1092 2240 commentarium
1120 2197 1284 2239 Gallice
1315 2199 1516 2253 scriptum

66 2279 111 2319 in
141 2277 298 2319 librum
328 2279 509 2332 primum
538 2278 693 2327 edidit,
735 2279 780 2318 in
808 2292 945 2333 eoque
975 2278 1278 2318 commentario
1308 2278 1412 2317 item
1441 2290 1514 2317 va-

66 2358 224 2398 riantes
275 2357 469 2398 codicum
526 2356 816 2397 parisinorum
865 2358 1094 2410 scripturas
1146 2357 1514 2407 commemoravit,

67 2449 152 2475 non
182 2450 354 2490 prorsus
385 2436 577 2486 easdem,
622 2448 724 2490 quas
754 2437 798 2475 in
831 2436 1016 2476 editione
1047 2436 1227 2486 Latina,
1260 2443 1515 2476 commenta-

65 2515 176 2555 rium
206 2523 373 2555 secutus
405 2528 498 2555 sum
525 2515 569 2554 in
599 2515 677 2564 iis,
707 2528 812 2569 quae
845 2513 967 2554 aliter
998 2515 1153 2569 posuit,
1185 2513 1301 2567 (nam
1332 2511 1514 2569 δεύτεραι

65 2593 278 2648 φροντίδες
319 2592 522 2648 ἀμείνονες
561 2594 756 2636 dicuntur
792 2593 937 2647 esse‚)
988 2593 1063 2636 sed
1102 2593 1240 2647 adjeci
1287 2601 1425 2635 tamen
1470 2593 1514 2633 in

1108 2672 1137 2700 a*
1159 2673 1186 2700 a*
1219 2688 1236 2701 .,

1219 2703 1238 2712 a
