<?xml version="1.0" encoding="UTF-8"?>
<!DOCTYPE html PUBLIC "-//W3C//DTD XHTML 1.0 Transitional//EN"
    "http://www.w3.org/TR/xhtml1/DTD/xhtml1-transitional.dtd">
<html xmlns="http://www.w3.org/1999/xhtml" xml:lang="en" lang="en">
 <head>
  <title>
</title>
<meta http-equiv="Content-Type" content="text/html;charset=utf-8" />
  <meta name='ocr-system' content='tesseract 3.04.00' />
  <meta name='ocr-capabilities' content='ocr_page ocr_carea ocr_par ocr_line ocrx_word'/>
</head>
<body>
  <div class='ocr_page' id='page_1' title='image "./deinstitutioneor05quinuoft_0211.png"; bbox 0 0 1721 2974; ppageno 0'>
   <div class='ocr_carea' id='block_1_1' title="bbox 344 177 1532 236">
    <p class='ocr_par' dir='ltr' id='par_1_1' title="bbox 344 177 1532 236">
     <span class='ocr_line' id='line_1_1' title="bbox 344 177 1532 236; baseline 0.009 -18"><span class='ocrx_word' id='word_1_1' title='bbox 344 177 398 218; x_wconf 75' lang='lat' dir='ltr'>acl</span> <span class='ocrx_word' id='word_1_2' title='bbox 429 177 594 232; x_wconf 76' lang='lat' dir='ltr'>Quintil.</span> <span class='ocrx_word' id='word_1_3' title='bbox 623 178 756 221; x_wconf 74' lang='lat' dir='ltr'>Instir.</span> <span class='ocrx_word' id='word_1_4' title='bbox 788 177 871 230; x_wconf 83' lang='lat' dir='ltr'>JV,</span> <span class='ocrx_word' id='word_1_5' title='bbox 904 186 942 221; x_wconf 86' lang='lat'>1.</span> <span class='ocrx_word' id='word_1_6' title='bbox 1001 183 1037 234; x_wconf 85' lang='lat'>§.</span> <span class='ocrx_word' id='word_1_7' title='bbox 1067 186 1268 227; x_wconf 85' lang='grc'><strong><em>33-43,</em></strong></span> <span class='ocrx_word' id='word_1_8' title='bbox 1451 198 1532 236; x_wconf 77' lang='lat'>179</span> 
     </span>
    </p>
   </div>
   <div class='ocr_carea' id='block_1_2' title="bbox 0 292 1532 2662">
    <p class='ocr_par' dir='ltr' id='par_1_2' title="bbox 66 292 1532 549">
     <span class='ocr_line' id='line_1_2' title="bbox 188 292 1531 352; baseline 0.006 -20"><span class='ocrx_word' id='word_1_9' title='bbox 188 292 225 344; x_wconf 59' lang='grc' dir='ltr'><strong>ᾧ.</strong></span> <span class='ocrx_word' id='word_1_10' title='bbox 259 292 326 333; x_wconf 84' lang='grc'><strong>40.</strong></span> <span class='ocrx_word' id='word_1_11' title='bbox 387 296 557 348; x_wconf 75' lang='lat' dir='ltr'>quinque</span> <span class='ocrx_word' id='word_1_12' title='bbox 598 296 726 335; x_wconf 73' lang='lat' dir='ltr'>omitt.</span> <span class='ocrx_word' id='word_1_13' title='bbox 770 293 880 336; x_wconf 87' lang='lat' dir='ltr'>Jens.</span> <span class='ocrx_word' id='word_1_14' title='bbox 996 293 1118 344; x_wconf 75' lang='lat' dir='ltr'><em>Sum,</em></span> <span class='ocrx_word' id='word_1_15' title='bbox 1155 298 1292 352; x_wconf 72' lang='lat' dir='ltr'><em>quibus</em></span> <span class='ocrx_word' id='word_1_16' title='bbox 1324 317 1357 341; x_wconf 88' lang='lat' dir='ltr'>r.</span> <span class='ocrx_word' id='word_1_17' title='bbox 1392 303 1531 345; x_wconf 72' lang='lat' dir='ltr'>videa..</span> 
     </span>
     <span class='ocr_line' id='line_1_3' title="bbox 72 359 1532 421; baseline 0.005 -22"><span class='ocrx_word' id='word_1_18' title='bbox 72 371 149 409; x_wconf 64' lang='lat' dir='ltr'>iar.</span> <span class='ocrx_word' id='word_1_19' title='bbox 208 359 253 401; x_wconf 85' lang='lat' dir='ltr'>S.</span> <span class='ocrx_word' id='word_1_20' title='bbox 284 361 518 415; x_wconf 74' lang='lat' dir='ltr'><em>quibusdam</em></span> <span class='ocrx_word' id='word_1_21' title='bbox 543 379 574 402; x_wconf 86' lang='lat' dir='ltr'>r.</span> <span class='ocrx_word' id='word_1_22' title='bbox 601 361 680 401; x_wconf 77' lang='lat' dir='ltr'>vid.</span> <span class='ocrx_word' id='word_1_23' title='bbox 709 361 847 403; x_wconf 84' lang='lat' dir='ltr'>Turio.</span> <span class='ocrx_word' id='word_1_24' title='bbox 879 378 901 403; x_wconf 84' lang='lat' dir='ltr'>a</span> <span class='ocrx_word' id='word_1_25' title='bbox 919 379 979 417; x_wconf 80' lang='lat' dir='ltr'>pr.</span> <span class='ocrx_word' id='word_1_26' title='bbox 1002 378 1059 404; x_wconf 85' lang='lat' dir='ltr'>m.</span> <span class='ocrx_word' id='word_1_27' title='bbox 1090 363 1200 406; x_wconf 84' lang='lat' dir='ltr'>Flor.</span> <span class='ocrx_word' id='word_1_28' title='bbox 1223 382 1245 406; x_wconf 85' lang='lat' dir='ltr'>a</span> <span class='ocrx_word' id='word_1_29' title='bbox 1265 383 1326 421; x_wconf 88' lang='lat' dir='ltr'>pr.</span> <span class='ocrx_word' id='word_1_30' title='bbox 1348 385 1405 412; x_wconf 84' lang='lat' dir='ltr'>m,</span> <span class='ocrx_word' id='word_1_31' title='bbox 1437 389 1532 415; x_wconf 79' lang='lat' dir='ltr'>cum</span> 
     </span>
     <span class='ocr_line' id='line_1_4' title="bbox 68 425 1530 486; baseline 0.005 -20"><span class='ocrx_word' id='word_1_32' title='bbox 68 425 182 468; x_wconf 80' lang='lat' dir='ltr'><strong>Alm.</strong></span> <span class='ocrx_word' id='word_1_33' title='bbox 236 428 477 480; x_wconf 75' lang='lat' dir='ltr'><em>Quibusdam</em></span> <span class='ocrx_word' id='word_1_34' title='bbox 500 428 654 467; x_wconf 71' lang='lat' dir='ltr'>videtur</span> <span class='ocrx_word' id='word_1_35' title='bbox 674 428 836 480; x_wconf 74' lang='lat' dir='ltr'><em>(omisso</em></span> <span class='ocrx_word' id='word_1_36' title='bbox 857 430 975 485; x_wconf 80' lang='lat' dir='ltr'><em>Sunt)</em></span> <span class='ocrx_word' id='word_1_37' title='bbox 994 429 1115 472; x_wconf 83' lang='lat' dir='ltr'>Amb.</span> <span class='ocrx_word' id='word_1_38' title='bbox 1132 438 1192 486; x_wconf 87' lang='lat'>1.;</span> <span class='ocrx_word' id='word_1_39' title='bbox 1225 437 1270 473; x_wconf 83' lang='grc'>111</span> <span class='ocrx_word' id='word_1_40' title='bbox 1290 436 1369 477; x_wconf 84' lang='grc'><strong>1100</strong></span> <span class='ocrx_word' id='word_1_41' title='bbox 1392 447 1530 481; x_wconf 71' lang='lat' dir='ltr'>tamen</span> 
     </span>
     <span class='ocr_line' id='line_1_5' title="bbox 66 495 762 549; baseline 0.006 -16"><span class='ocrx_word' id='word_1_42' title='bbox 66 495 157 535; x_wconf 74' lang='lat' dir='ltr'>clam</span> <span class='ocrx_word' id='word_1_43' title='bbox 190 506 248 536; x_wconf 69' lang='lat' dir='ltr'>est</span> <span class='ocrx_word' id='word_1_44' title='bbox 277 511 299 536; x_wconf 82' lang='lat' dir='ltr'>a</span> <span class='ocrx_word' id='word_1_45' title='bbox 325 512 403 536; x_wconf 87' lang='lat' dir='ltr'>sec.</span> <span class='ocrx_word' id='word_1_46' title='bbox 434 511 491 536; x_wconf 86' lang='lat' dir='ltr'>m.</span> <span class='ocrx_word' id='word_1_47' title='bbox 522 498 762 549; x_wconf 84' lang='lat' dir='ltr'>profectum.</span> 
     </span>
    </p>

    <p class='ocr_par' dir='ltr' id='par_1_3' title="bbox 180 563 1524 621">
     <span class='ocr_line' id='line_1_6' title="bbox 180 563 1524 621; baseline 0.007 -16"><span class='ocrx_word' id='word_1_48' title='bbox 180 567 214 617; x_wconf 82' lang='lat'>§.</span> <span class='ocrx_word' id='word_1_49' title='bbox 238 567 307 605; x_wconf 85' lang='grc'>41.</span> <span class='ocrx_word' id='word_1_50' title='bbox 352 565 393 603; x_wconf 76' lang='lat' dir='ltr'>in</span> <span class='ocrx_word' id='word_1_51' title='bbox 416 563 660 604; x_wconf 70' lang='lat' dir='ltr'>admirabili.</span> <span class='ocrx_word' id='word_1_52' title='bbox 711 567 750 604; x_wconf 80' lang='lat' dir='ltr'>in</span> <span class='ocrx_word' id='word_1_53' title='bbox 779 569 909 606; x_wconf 77' lang='lat' dir='ltr'>omitt.</span> <span class='ocrx_word' id='word_1_54' title='bbox 934 570 1055 608; x_wconf 67' lang='lat' dir='ltr'>eiiam</span> <span class='ocrx_word' id='word_1_55' title='bbox 1073 567 1197 621; x_wconf 83' lang='lat' dir='ltr'>Flor.,</span> <span class='ocrx_word' id='word_1_56' title='bbox 1223 573 1314 611; x_wconf 79' lang='lat' dir='ltr'>fort.</span> <span class='ocrx_word' id='word_1_57' title='bbox 1344 570 1524 618; x_wconf 78' lang='lat' dir='ltr'><strong>Amb.1.</strong></span> 
     </span>
    </p>

    <p class='ocr_par' dir='ltr' id='par_1_4' title="bbox 63 630 1527 824">
     <span class='ocr_line' id='line_1_7' title="bbox 178 630 1527 697; baseline 0.004 -24"><span class='ocrx_word' id='word_1_58' title='bbox 178 636 214 686; x_wconf 85' lang='lat'>§.</span> <span class='ocrx_word' id='word_1_59' title='bbox 249 634 316 673; x_wconf 83' lang='lat'>42.</span> <span class='ocrx_word' id='word_1_60' title='bbox 374 632 427 670; x_wconf 80' lang='lat' dir='ltr'>Et</span> <span class='ocrx_word' id='word_1_61' title='bbox 457 649 514 672; x_wconf 84' lang='lat' dir='ltr'>co.</span> <span class='ocrx_word' id='word_1_62' title='bbox 577 643 610 671; x_wconf 79' lang='lat' dir='ltr'>et</span> <span class='ocrx_word' id='word_1_63' title='bbox 642 647 721 672; x_wconf 89' lang='lat' dir='ltr'>om.</span> <span class='ocrx_word' id='word_1_64' title='bbox 755 630 873 672; x_wconf 51' lang='lat' dir='ltr'>Amb¹</span> <span class='ocrx_word' id='word_1_65' title='bbox 904 639 940 675; x_wconf 89' lang='grc'>1.</span> <span class='ocrx_word' id='word_1_66' title='bbox 1054 636 1211 690; x_wconf 75' lang='lat' dir='ltr'>quidam</span> <span class='ocrx_word' id='word_1_67' title='bbox 1240 640 1384 681; x_wconf 68' lang='lat' dir='ltr'>eaeor-sl.</span> <span class='ocrx_word' id='word_1_68' title='bbox 1437 647 1527 697; x_wconf 71' lang='lat' dir='ltr'><em>qui.-</em></span> 
     </span>
     <span class='ocr_line' id='line_1_8' title="bbox 63 699 1525 759; baseline 0.008 -20"><span class='ocrx_word' id='word_1_69' title='bbox 63 700 151 740; x_wconf 75' lang='lat' dir='ltr'>dcm</span> <span class='ocrx_word' id='word_1_70' title='bbox 181 703 278 741; x_wconf 83' lang='lat' dir='ltr'>dant</span> <span class='ocrx_word' id='word_1_71' title='bbox 306 703 427 740; x_wconf 82' lang='lat' dir='ltr'>etiam</span> <span class='ocrx_word' id='word_1_72' title='bbox 456 699 546 740; x_wconf 82' lang='lat' dir='ltr'>Par.</span> <span class='ocrx_word' id='word_1_73' title='bbox 573 704 611 739; x_wconf 88' lang='lat'>1.</span> <span class='ocrx_word' id='word_1_74' title='bbox 635 704 675 740; x_wconf 87' lang='lat'>2.</span> <span class='ocrx_word' id='word_1_75' title='bbox 709 705 746 740; x_wconf 88' lang='grc'>5.</span> <span class='ocrx_word' id='word_1_76' title='bbox 778 700 905 741; x_wconf 83' lang='lat' dir='ltr'><strong>Amb.</strong></span> <span class='ocrx_word' id='word_1_77' title='bbox 937 708 977 743; x_wconf 86' lang='lat'>2.</span> <span class='ocrx_word' id='word_1_78' title='bbox 1037 704 1144 745; x_wconf 92' lang='lat' dir='ltr'>Hinc</span> <span class='ocrx_word' id='word_1_79' title='bbox 1177 709 1374 759; x_wconf 79' lang='lat' dir='ltr'>originem</span> <span class='ocrx_word' id='word_1_80' title='bbox 1400 715 1525 752; x_wconf 80' lang='lat' dir='ltr'>traxit</span> 
     </span>
     <span class='ocr_line' id='line_1_9' title="bbox 63 767 1523 824; baseline 0.008 -16"><span class='ocrx_word' id='word_1_81' title='bbox 63 769 278 822; x_wconf 74' lang='lat' dir='ltr'>dividitur,</span> <span class='ocrx_word' id='word_1_82' title='bbox 307 769 418 824; x_wconf 89' lang='lat' dir='ltr'>quod</span> <span class='ocrx_word' id='word_1_83' title='bbox 446 777 523 821; x_wconf 85' lang='lat' dir='ltr'>pro</span> <span class='ocrx_word' id='word_1_84' title='bbox 546 767 723 806; x_wconf 72' lang='lat' dir='ltr'>dividunt</span> <span class='ocrx_word' id='word_1_85' title='bbox 754 777 811 807; x_wconf 80' lang='lat' dir='ltr'>est</span> <span class='ocrx_word' id='word_1_86' title='bbox 838 772 881 807; x_wconf 86' lang='lat' dir='ltr'>in</span> <span class='ocrx_word' id='word_1_87' title='bbox 910 769 1030 812; x_wconf 85' lang='lat' dir='ltr'><em>Voss.</em></span> <span class='ocrx_word' id='word_1_88' title='bbox 1061 778 1101 813; x_wconf 82' lang='lat'>2.</span> <span class='ocrx_word' id='word_1_89' title='bbox 1133 771 1256 815; x_wconf 82' lang='lat' dir='ltr'>Goth.</span> <span class='ocrx_word' id='word_1_90' title='bbox 1291 774 1378 816; x_wconf 82' lang='lat' dir='ltr'>Par.</span> <span class='ocrx_word' id='word_1_91' title='bbox 1409 782 1449 819; x_wconf 86' lang='lat'>2.</span> <span class='ocrx_word' id='word_1_92' title='bbox 1483 784 1523 820; x_wconf 88' lang='lat'>3.</span> 
     </span>
    </p>

    <p class='ocr_par' dir='ltr' id='par_1_5' title="bbox 55 833 1521 1035">
     <span class='ocr_line' id='line_1_10' title="bbox 170 833 1521 893; baseline 0.002 -16"><span class='ocrx_word' id='word_1_93' title='bbox 170 849 329 893; x_wconf 70' lang='lat' dir='ltr'>parics,</span> <span class='ocrx_word' id='word_1_94' title='bbox 371 839 501 891; x_wconf 80' lang='lat' dir='ltr'>princ.</span> <span class='ocrx_word' id='word_1_95' title='bbox 563 833 674 874; x_wconf 83' lang='lat' dir='ltr'>Inter</span> <span class='ocrx_word' id='word_1_96' title='bbox 714 835 813 875; x_wconf 80' lang='lat' dir='ltr'>haec</span> <span class='ocrx_word' id='word_1_97' title='bbox 855 848 1044 890; x_wconf 80' lang='lat' dir='ltr'>repetunt</span> <span class='ocrx_word' id='word_1_98' title='bbox 1084 842 1123 879; x_wconf 83' lang='lat' dir='ltr'>in</span> <span class='ocrx_word' id='word_1_99' title='bbox 1164 839 1288 883; x_wconf 81' lang='lat' dir='ltr'>Goth.</span> <span class='ocrx_word' id='word_1_100' title='bbox 1330 843 1450 887; x_wconf 76' lang='lat' dir='ltr'><em>Voss,</em></span> <span class='ocrx_word' id='word_1_101' title='bbox 1479 853 1521 888; x_wconf 77' lang='lat'>2,</span> 
     </span>
     <span class='ocr_line' id='line_1_11' title="bbox 57 895 1517 959; baseline 0.006 -13"><span class='ocrx_word' id='word_1_102' title='bbox 57 921 152 946; x_wconf 87' lang='lat' dir='ltr'>cum</span> <span class='ocrx_word' id='word_1_103' title='bbox 181 907 273 946; x_wconf 86' lang='lat' dir='ltr'>edd.</span> <span class='ocrx_word' id='word_1_104' title='bbox 306 915 398 944; x_wconf 84' lang='lat' dir='ltr'>ante</span> <span class='ocrx_word' id='word_1_105' title='bbox 431 895 612 958; x_wconf 54' lang='lat' dir='ltr'>Gry-ph„</span> <span class='ocrx_word' id='word_1_106' title='bbox 653 920 741 944; x_wconf 82' lang='lat' dir='ltr'>exc.</span> <span class='ocrx_word' id='word_1_107' title='bbox 783 903 924 959; x_wconf 85' lang='lat' dir='ltr'>Camp.</span> <span class='ocrx_word' id='word_1_108' title='bbox 960 906 1071 946; x_wconf 87' lang='lat' dir='ltr'>Sich.</span> <span class='ocrx_word' id='word_1_109' title='bbox 1189 921 1230 948; x_wconf 87' lang='lat' dir='ltr'>ut</span> <span class='ocrx_word' id='word_1_110' title='bbox 1257 914 1323 952; x_wconf 81' lang='lat' dir='ltr'><em>sit.</em></span> <span class='ocrx_word' id='word_1_111' title='bbox 1377 911 1517 956; x_wconf 83' lang='lat' dir='ltr'>Turio.</span> 
     </span>
     <span class='ocr_line' id='line_1_12' title="bbox 55 972 1518 1035; baseline 0.005 -23"><span class='ocrx_word' id='word_1_112' title='bbox 55 988 79 1012; x_wconf 83' lang='lat' dir='ltr'>a</span> <span class='ocrx_word' id='word_1_113' title='bbox 106 990 166 1027; x_wconf 86' lang='lat' dir='ltr'>pr.</span> <span class='ocrx_word' id='word_1_114' title='bbox 197 989 254 1013; x_wconf 88' lang='lat' dir='ltr'>m.</span> <span class='ocrx_word' id='word_1_115' title='bbox 294 972 404 1013; x_wconf 90' lang='lat' dir='ltr'>Flor.</span> <span class='ocrx_word' id='word_1_116' title='bbox 437 987 460 1011; x_wconf 86' lang='lat' dir='ltr'>a</span> <span class='ocrx_word' id='word_1_117' title='bbox 488 988 548 1026; x_wconf 88' lang='lat' dir='ltr'>pr.</span> <span class='ocrx_word' id='word_1_118' title='bbox 582 987 638 1011; x_wconf 88' lang='lat' dir='ltr'>m.</span> <span class='ocrx_word' id='word_1_119' title='bbox 670 983 711 1011; x_wconf 80' lang='lat' dir='ltr'>ut</span> <span class='ocrx_word' id='word_1_120' title='bbox 740 974 818 1011; x_wconf 85' lang='lat' dir='ltr'><em>sint</em></span> <span class='ocrx_word' id='word_1_121' title='bbox 857 988 951 1013; x_wconf 88' lang='lat' dir='ltr'>cum</span> <span class='ocrx_word' id='word_1_122' title='bbox 986 973 1104 1016; x_wconf 81' lang='lat' dir='ltr'><strong>Ahn.</strong></span> <span class='ocrx_word' id='word_1_123' title='bbox 1231 980 1272 1017; x_wconf 78' lang='lat' dir='ltr'>in</span> <span class='ocrx_word' id='word_1_124' title='bbox 1297 982 1518 1035; x_wconf 83' lang='lat' dir='ltr'>principiis.</span> 
     </span>
    </p>

    <p class='ocr_par' dir='ltr' id='par_1_6' title="bbox 0 1038 1519 1915">
     <span class='ocr_line' id='line_1_13' title="bbox 111 1038 1519 1103; baseline 0.006 -22"><span class='ocrx_word' id='word_1_125' title='bbox 111 1044 151 1081; x_wconf 82' lang='lat' dir='ltr'>in</span> <span class='ocrx_word' id='word_1_126' title='bbox 181 1044 379 1097; x_wconf 80' lang='lat' dir='ltr'>principio</span> <span class='ocrx_word' id='word_1_127' title='bbox 409 1041 533 1080; x_wconf 85' lang='lat' dir='ltr'>habet</span> <span class='ocrx_word' id='word_1_128' title='bbox 563 1043 686 1079; x_wconf 78' lang='lat' dir='ltr'>etiam</span> <span class='ocrx_word' id='word_1_129' title='bbox 720 1038 811 1081; x_wconf 78' lang='lat' dir='ltr'>Par,</span> <span class='ocrx_word' id='word_1_130' title='bbox 849 1046 889 1081; x_wconf 84' lang='lat'>2.</span> <span class='ocrx_word' id='word_1_131' title='bbox 1012 1060 1110 1097; x_wconf 80' lang='lat' dir='ltr'><em>quae</em></span> <span class='ocrx_word' id='word_1_132' title='bbox 1143 1047 1236 1099; x_wconf 82' lang='lat' dir='ltr'><em>quia</em></span> <span class='ocrx_word' id='word_1_133' title='bbox 1272 1063 1366 1088; x_wconf 83' lang='lat' dir='ltr'><em>esse.</em></span> <span class='ocrx_word' id='word_1_134' title='bbox 1425 1053 1519 1103; x_wconf 79' lang='lat' dir='ltr'><em>quia</em></span> 
     </span>
     <span class='ocr_line' id='line_1_14' title="bbox 53 1105 1518 1165; baseline 0.005 -16"><span class='ocrx_word' id='word_1_135' title='bbox 53 1113 184 1150; x_wconf 72' lang='lat' dir='ltr'>omitt.</span> <span class='ocrx_word' id='word_1_136' title='bbox 219 1112 342 1150; x_wconf 82' lang='lat' dir='ltr'>etiam</span> <span class='ocrx_word' id='word_1_137' title='bbox 370 1108 478 1150; x_wconf 88' lang='lat' dir='ltr'>Flor.</span> <span class='ocrx_word' id='word_1_138' title='bbox 508 1124 532 1148; x_wconf 83' lang='lat' dir='ltr'>a</span> <span class='ocrx_word' id='word_1_139' title='bbox 559 1124 620 1162; x_wconf 88' lang='lat' dir='ltr'>pr.</span> <span class='ocrx_word' id='word_1_140' title='bbox 651 1123 707 1147; x_wconf 90' lang='lat' dir='ltr'>m.</span> <span class='ocrx_word' id='word_1_141' title='bbox 737 1105 862 1148; x_wconf 86' lang='lat' dir='ltr'><strong>Amb.</strong></span> <span class='ocrx_word' id='word_1_142' title='bbox 894 1114 936 1149; x_wconf 84' lang='lat'>2.</span> <span class='ocrx_word' id='word_1_143' title='bbox 979 1109 1064 1164; x_wconf 89' lang='lat' dir='ltr'>(hic</span> <span class='ocrx_word' id='word_1_144' title='bbox 1096 1122 1301 1165; x_wconf 82' lang='lat' dir='ltr'>praeterea</span> <span class='ocrx_word' id='word_1_145' title='bbox 1337 1127 1393 1154; x_wconf 84' lang='lat' dir='ltr'>est</span> <span class='ocrx_word' id='word_1_146' title='bbox 1423 1133 1518 1158; x_wconf 85' lang='lat' dir='ltr'>cum</span> 
     </span>
     <span class='ocr_line' id='line_1_15' title="bbox 50 1174 1518 1238; baseline -0.001 -20"><span class='ocrx_word' id='word_1_147' title='bbox 50 1177 191 1218; x_wconf 85' lang='lat' dir='ltr'>Turio.</span> <span class='ocrx_word' id='word_1_148' title='bbox 229 1175 369 1228; x_wconf 60' lang='lat' dir='ltr'>Abu„</span> <span class='ocrx_word' id='word_1_149' title='bbox 402 1192 487 1216; x_wconf 89' lang='lat' dir='ltr'>non</span> <span class='ocrx_word' id='word_1_150' title='bbox 516 1177 730 1216; x_wconf 80' lang='lat' dir='ltr'>accedente</span> <span class='ocrx_word' id='word_1_151' title='bbox 759 1174 888 1230; x_wconf 89' lang='lat' dir='ltr'>Flor.)</span> <span class='ocrx_word' id='word_1_152' title='bbox 916 1176 1010 1217; x_wconf 84' lang='lat' dir='ltr'>I‘ar.</span> <span class='ocrx_word' id='word_1_153' title='bbox 1046 1185 1088 1219; x_wconf 88' lang='lat'>2.</span> <span class='ocrx_word' id='word_1_154' title='bbox 1121 1184 1160 1220; x_wconf 88' lang='lat'>5.</span> <span class='ocrx_word' id='word_1_155' title='bbox 1278 1199 1422 1223; x_wconf 79' lang='lat' dir='ltr'>causae</span> <span class='ocrx_word' id='word_1_156' title='bbox 1444 1202 1518 1238; x_wconf 71' lang='lat' dir='ltr'>ge.</span> 
     </span>
     <span class='ocr_line' id='line_1_16' title="bbox 49 1243 1512 1298; baseline 0.005 -13"><span class='ocrx_word' id='word_1_157' title='bbox 49 1263 152 1286; x_wconf 77' lang='lat' dir='ltr'>nere.</span> <span class='ocrx_word' id='word_1_158' title='bbox 214 1244 418 1286; x_wconf 77' lang='lat' dir='ltr'>Ordinem</span> <span class='ocrx_word' id='word_1_159' title='bbox 448 1254 609 1284; x_wconf 79' lang='lat' dir='ltr'>mutant</span> <span class='ocrx_word' id='word_1_160' title='bbox 639 1243 779 1298; x_wconf 82' lang='lat' dir='ltr'><strong>Camp.</strong></span> <span class='ocrx_word' id='word_1_161' title='bbox 811 1253 850 1283; x_wconf 88' lang='lat' dir='ltr'>et</span> <span class='ocrx_word' id='word_1_162' title='bbox 878 1246 968 1285; x_wconf 87' lang='lat' dir='ltr'>rell.</span> <span class='ocrx_word' id='word_1_163' title='bbox 998 1256 1089 1285; x_wconf 83' lang='lat' dir='ltr'>ante</span> <span class='ocrx_word' id='word_1_164' title='bbox 1117 1246 1247 1289; x_wconf 83' lang='lat' dir='ltr'>Stoer.</span> <span class='ocrx_word' id='word_1_165' title='bbox 1355 1254 1512 1294; x_wconf 80' lang='lat' dir='ltr'><em>animis.</em></span> 
     </span>
     <span class='ocr_line' id='line_1_17' title="bbox 48 1310 1513 1367; baseline 0.004 -13"><span class='ocrx_word' id='word_1_166' title='bbox 48 1313 188 1354; x_wconf 80' lang='lat' dir='ltr'>Turio.</span> <span class='ocrx_word' id='word_1_167' title='bbox 219 1313 328 1353; x_wconf 88' lang='lat' dir='ltr'>Flor.</span> <span class='ocrx_word' id='word_1_168' title='bbox 363 1327 386 1351; x_wconf 86' lang='lat' dir='ltr'>a</span> <span class='ocrx_word' id='word_1_169' title='bbox 409 1328 469 1366; x_wconf 86' lang='lat' dir='ltr'>pr.</span> <span class='ocrx_word' id='word_1_170' title='bbox 496 1329 551 1352; x_wconf 81' lang='lat' dir='ltr'>ln.</span> <span class='ocrx_word' id='word_1_171' title='bbox 582 1310 709 1353; x_wconf 87' lang='lat' dir='ltr'><strong>Amb.</strong></span> <span class='ocrx_word' id='word_1_172' title='bbox 727 1319 767 1353; x_wconf 85' lang='lat'>2.</span> <span class='ocrx_word' id='word_1_173' title='bbox 827 1315 1005 1367; x_wconf 71' lang='lat' dir='ltr'><em>animus-7·</em></span> <span class='ocrx_word' id='word_1_174' title='bbox 1035 1316 1131 1354; x_wconf 88' lang='lat' dir='ltr'>inde</span> <span class='ocrx_word' id='word_1_175' title='bbox 1170 1320 1323 1357; x_wconf 80' lang='lat' dir='ltr'><em>animos</em></span> <span class='ocrx_word' id='word_1_176' title='bbox 1350 1318 1458 1359; x_wconf 86' lang='lat' dir='ltr'>Flor.</span> <span class='ocrx_word' id='word_1_177' title='bbox 1491 1337 1513 1360; x_wconf 83' lang='lat' dir='ltr'>a</span> 
     </span>
     <span class='ocr_line' id='line_1_18' title="bbox 45 1379 1513 1441; baseline 0.003 -19"><span class='ocrx_word' id='word_1_178' title='bbox 45 1398 126 1422; x_wconf 88' lang='lat' dir='ltr'>sec.</span> <span class='ocrx_word' id='word_1_179' title='bbox 160 1397 216 1421; x_wconf 89' lang='lat' dir='ltr'>m.</span> <span class='ocrx_word' id='word_1_180' title='bbox 258 1380 370 1422; x_wconf 87' lang='lat' dir='ltr'>Jens.</span> <span class='ocrx_word' id='word_1_181' title='bbox 406 1390 445 1420; x_wconf 90' lang='lat' dir='ltr'>et</span> <span class='ocrx_word' id='word_1_182' title='bbox 484 1390 651 1434; x_wconf 74' lang='lat' dir='ltr'>poster-r.</span> <span class='ocrx_word' id='word_1_183' title='bbox 691 1390 784 1420; x_wconf 80' lang='lat' dir='ltr'>ante</span> <span class='ocrx_word' id='word_1_184' title='bbox 825 1379 929 1421; x_wconf 84' lang='lat' dir='ltr'>Bad.</span> <span class='ocrx_word' id='word_1_185' title='bbox 1053 1382 1188 1438; x_wconf 73' lang='lat' dir='ltr'><em>fions.</em></span> <span class='ocrx_word' id='word_1_186' title='bbox 1245 1385 1346 1441; x_wconf 88' lang='lat' dir='ltr'>fors</span> <span class='ocrx_word' id='word_1_187' title='bbox 1389 1390 1513 1428; x_wconf 81' lang='lat' dir='ltr'>etiam</span> 
     </span>
     <span class='ocr_line' id='line_1_19' title="bbox 43 1448 1509 1506; baseline 0.004 -16"><span class='ocrx_word' id='word_1_188' title='bbox 43 1449 152 1490; x_wconf 88' lang='lat' dir='ltr'>Flor.</span> <span class='ocrx_word' id='word_1_189' title='bbox 183 1448 313 1490; x_wconf 84' lang='lat' dir='ltr'><strong>Amb.</strong></span> <span class='ocrx_word' id='word_1_190' title='bbox 337 1455 401 1501; x_wconf 87' lang='lat'>2.‚</span> <span class='ocrx_word' id='word_1_191' title='bbox 431 1466 518 1489; x_wconf 88' lang='lat' dir='ltr'>sors</span> <span class='ocrx_word' id='word_1_192' title='bbox 544 1448 635 1490; x_wconf 80' lang='lat' dir='ltr'>Par.</span> <span class='ocrx_word' id='word_1_193' title='bbox 658 1454 696 1489; x_wconf 90' lang='lat'>1.</span> <span class='ocrx_word' id='word_1_194' title='bbox 728 1464 822 1488; x_wconf 87' lang='lat' dir='ltr'>cum</span> <span class='ocrx_word' id='word_1_195' title='bbox 851 1448 970 1489; x_wconf 90' lang='lat' dir='ltr'><em>Voss.</em></span> <span class='ocrx_word' id='word_1_196' title='bbox 997 1454 1036 1489; x_wconf 88' lang='lat'>1.</span> <span class='ocrx_word' id='word_1_197' title='bbox 1153 1454 1249 1506; x_wconf 75' lang='lat' dir='ltr'><em>quia,</em></span> <span class='ocrx_word' id='word_1_198' title='bbox 1277 1453 1509 1497; x_wconf 73' lang='lat' dir='ltr'><em>bominibus.</em></span> 
     </span>
     <span class='ocr_line' id='line_1_20' title="bbox 0 1516 1507 1577; baseline 0.003 -19"><span class='ocrx_word' id='word_1_199' title='bbox 0 1523 1 1564; x_wconf 55' lang='lat'>1</span> <span class='ocrx_word' id='word_1_200' title='bbox 45 1517 170 1560; x_wconf 82' lang='lat' dir='ltr'>Goth.</span> <span class='ocrx_word' id='word_1_201' title='bbox 202 1521 342 1558; x_wconf 84' lang='lat' dir='ltr'>inserit</span> <span class='ocrx_word' id='word_1_202' title='bbox 370 1518 419 1558; x_wconf 79' lang='lat' dir='ltr'>ab</span> <span class='ocrx_word' id='word_1_203' title='bbox 450 1533 545 1558; x_wconf 88' lang='lat' dir='ltr'>cum</span> <span class='ocrx_word' id='word_1_204' title='bbox 576 1517 696 1557; x_wconf 89' lang='lat' dir='ltr'><em>Voss.</em></span> <span class='ocrx_word' id='word_1_205' title='bbox 728 1522 768 1557; x_wconf 83' lang='lat'>2.</span> <span class='ocrx_word' id='word_1_206' title='bbox 809 1516 919 1557; x_wconf 86' lang='lat' dir='ltr'>Jens.</span> <span class='ocrx_word' id='word_1_207' title='bbox 955 1527 994 1558; x_wconf 86' lang='lat' dir='ltr'>et</span> <span class='ocrx_word' id='word_1_208' title='bbox 1023 1527 1188 1572; x_wconf 77' lang='lat' dir='ltr'>posterr.</span> <span class='ocrx_word' id='word_1_209' title='bbox 1221 1530 1315 1560; x_wconf 81' lang='lat' dir='ltr'>ante</span> <span class='ocrx_word' id='word_1_210' title='bbox 1349 1520 1507 1577; x_wconf 86' lang='lat' dir='ltr'>Gryph.</span> 
     </span>
     <span class='ocr_line' id='line_1_21' title="bbox 0 1571 1402 1641; baseline 0.002 -15"><span class='ocrx_word' id='word_1_211' title='bbox 0 1571 1 1622; x_wconf 54' lang='grc'>1</span> <span class='ocrx_word' id='word_1_212' title='bbox 42 1603 132 1627; x_wconf 87' lang='lat' dir='ltr'>exc.</span> <span class='ocrx_word' id='word_1_213' title='bbox 163 1586 275 1627; x_wconf 88' lang='grc'><strong>81011.</strong></span> <span class='ocrx_word' id='word_1_214' title='bbox 391 1597 458 1626; x_wconf 82' lang='lat' dir='ltr'>aut</span> <span class='ocrx_word' id='word_1_215' title='bbox 481 1589 517 1625; x_wconf 85' lang='lat' dir='ltr'>si</span> <span class='ocrx_word' id='word_1_216' title='bbox 531 1585 663 1641; x_wconf 77' lang='lat' dir='ltr'>facie.</span> <span class='ocrx_word' id='word_1_217' title='bbox 723 1584 860 1625; x_wconf 80' lang='lat' dir='ltr'><strong>Etiam</strong></span> <span class='ocrx_word' id='word_1_218' title='bbox 890 1585 997 1626; x_wconf 89' lang='lat' dir='ltr'>Flor.</span> <span class='ocrx_word' id='word_1_219' title='bbox 1033 1601 1055 1626; x_wconf 88' lang='lat' dir='ltr'>a</span> <span class='ocrx_word' id='word_1_220' title='bbox 1075 1602 1134 1640; x_wconf 85' lang='lat' dir='ltr'>pr.</span> <span class='ocrx_word' id='word_1_221' title='bbox 1153 1603 1211 1627; x_wconf 88' lang='lat' dir='ltr'>m.</span> <span class='ocrx_word' id='word_1_222' title='bbox 1244 1604 1323 1628; x_wconf 92' lang='lat' dir='ltr'>om.</span> <span class='ocrx_word' id='word_1_223' title='bbox 1354 1592 1402 1629; x_wconf 85' lang='lat' dir='ltr'>si.</span> 
     </span>
     <span class='ocr_line' id='line_1_22' title="bbox 40 1651 1504 1710; baseline 0.003 -17"><span class='ocrx_word' id='word_1_224' title='bbox 40 1672 192 1710; x_wconf 81' lang='lat' dir='ltr'>quoque</span> <span class='ocrx_word' id='word_1_225' title='bbox 223 1657 324 1709; x_wconf 76' lang='lat' dir='ltr'><em>ipsa.</em></span> <span class='ocrx_word' id='word_1_226' title='bbox 388 1653 590 1696; x_wconf 83' lang='lat' dir='ltr'>Ordinem</span> <span class='ocrx_word' id='word_1_227' title='bbox 618 1658 826 1693; x_wconf 78' lang='lat' dir='ltr'>invertunt</span> <span class='ocrx_word' id='word_1_228' title='bbox 855 1651 990 1694; x_wconf 79' lang='lat' dir='ltr'>Guelf.</span> <span class='ocrx_word' id='word_1_229' title='bbox 1017 1653 1140 1695; x_wconf 81' lang='lat' dir='ltr'>Goth.</span> <span class='ocrx_word' id='word_1_230' title='bbox 1172 1671 1266 1695; x_wconf 91' lang='lat' dir='ltr'>cum</span> <span class='ocrx_word' id='word_1_231' title='bbox 1295 1657 1387 1697; x_wconf 83' lang='lat' dir='ltr'>edd.</span> <span class='ocrx_word' id='word_1_232' title='bbox 1412 1668 1504 1699; x_wconf 78' lang='lat' dir='ltr'>ante</span> 
     </span>
     <span class='ocr_line' id='line_1_23' title="bbox 40 1721 1502 1776; baseline 0.003 -13"><span class='ocrx_word' id='word_1_233' title='bbox 40 1721 197 1776; x_wconf 86' lang='lat' dir='ltr'>Gryph.</span> <span class='ocrx_word' id='word_1_234' title='bbox 232 1738 320 1762; x_wconf 85' lang='lat' dir='ltr'>exc.</span> <span class='ocrx_word' id='word_1_235' title='bbox 354 1722 494 1776; x_wconf 87' lang='lat' dir='ltr'>Camp.</span> <span class='ocrx_word' id='word_1_236' title='bbox 599 1723 798 1762; x_wconf 77' lang='lat' dir='ltr'><em>invidiosa</em></span> <span class='ocrx_word' id='word_1_237' title='bbox 829 1725 1088 1763; x_wconf 75' lang='lat' dir='ltr'><em>consistentis.</em></span> <span class='ocrx_word' id='word_1_238' title='bbox 1145 1722 1213 1764; x_wconf 80' lang='lat' dir='ltr'>Sic</span> <span class='ocrx_word' id='word_1_239' title='bbox 1244 1727 1366 1764; x_wconf 82' lang='lat' dir='ltr'>etiam</span> <span class='ocrx_word' id='word_1_240' title='bbox 1392 1725 1502 1768; x_wconf 87' lang='lat' dir='ltr'>Flor.</span> 
     </span>
     <span class='ocr_line' id='line_1_24' title="bbox 38 1788 1503 1846; baseline 0.003 -17"><span class='ocrx_word' id='word_1_241' title='bbox 38 1790 137 1845; x_wconf 89' lang='lat' dir='ltr'>(nisi</span> <span class='ocrx_word' id='word_1_242' title='bbox 166 1792 275 1846; x_wconf 87' lang='lat' dir='ltr'>quod</span> <span class='ocrx_word' id='word_1_243' title='bbox 304 1806 326 1830; x_wconf 81' lang='lat' dir='ltr'><strong>a</strong></span> <span class='ocrx_word' id='word_1_244' title='bbox 351 1807 411 1844; x_wconf 86' lang='lat' dir='ltr'>pr.</span> <span class='ocrx_word' id='word_1_245' title='bbox 436 1806 493 1831; x_wconf 86' lang='lat' dir='ltr'>m.</span> <span class='ocrx_word' id='word_1_246' title='bbox 529 1791 598 1831; x_wconf 82' lang='lat' dir='ltr'>dat</span> <span class='ocrx_word' id='word_1_247' title='bbox 658 1788 887 1843; x_wconf 79' lang='lat' dir='ltr'><em>consistens)</em></span> <span class='ocrx_word' id='word_1_248' title='bbox 916 1788 1045 1831; x_wconf 82' lang='lat' dir='ltr'><strong>Amb.</strong></span> <span class='ocrx_word' id='word_1_249' title='bbox 1070 1795 1107 1831; x_wconf 94' lang='lat'>1.</span> <span class='ocrx_word' id='word_1_250' title='bbox 1129 1796 1170 1833; x_wconf 88' lang='grc'>2.</span> <span class='ocrx_word' id='word_1_251' title='bbox 1287 1797 1414 1846; x_wconf 75' lang='lat' dir='ltr'>caeci,</span> <span class='ocrx_word' id='word_1_252' title='bbox 1439 1797 1503 1834; x_wconf 84' lang='lat' dir='ltr'>in-</span> 
     </span>
     <span class='ocr_line' id='line_1_25' title="bbox 32 1858 1102 1915; baseline 0.005 -18"><span class='ocrx_word' id='word_1_253' title='bbox 32 1858 177 1915; x_wconf 75' lang='lat' dir='ltr'><em>fantis.</em></span> <span class='ocrx_word' id='word_1_254' title='bbox 237 1858 394 1900; x_wconf 82' lang='lat' dir='ltr'><strong>Ordine</strong></span> <span class='ocrx_word' id='word_1_255' title='bbox 427 1862 511 1900; x_wconf 79' lang='lat' dir='ltr'>inv.</span> <span class='ocrx_word' id='word_1_256' title='bbox 543 1858 680 1900; x_wconf 84' lang='lat' dir='ltr'>Guelf.</span> <span class='ocrx_word' id='word_1_257' title='bbox 1097 1889 1102 1893; x_wconf 92' lang='lat'>·</span> 
     </span>
    </p>

    <p class='ocr_par' dir='ltr' id='par_1_7' title="bbox 32 1925 1502 2662">
     <span class='ocr_line' id='line_1_26' title="bbox 154 1925 1502 1982; baseline 0.002 -16"><span class='ocrx_word' id='word_1_258' title='bbox 154 1928 192 1976; x_wconf 89' lang='lat'>§.</span> <span class='ocrx_word' id='word_1_259' title='bbox 224 1927 292 1966; x_wconf 87' lang='grc'>43.</span> <span class='ocrx_word' id='word_1_260' title='bbox 365 1927 419 1966; x_wconf 84' lang='lat' dir='ltr'>Et</span> <span class='ocrx_word' id='word_1_261' title='bbox 455 1927 621 1981; x_wconf 71' lang='lat' dir='ltr'>quidem.</span> <span class='ocrx_word' id='word_1_262' title='bbox 680 1926 772 1967; x_wconf 82' lang='lat' dir='ltr'>Par.</span> <span class='ocrx_word' id='word_1_263' title='bbox 802 1932 844 1968; x_wconf 88' lang='lat'>2.</span> <span class='ocrx_word' id='word_1_264' title='bbox 876 1926 1056 1981; x_wconf 73' lang='lat' dir='ltr'>quidam,</span> <span class='ocrx_word' id='word_1_265' title='bbox 1092 1925 1184 1969; x_wconf 78' lang='lat' dir='ltr'>Par.</span> <span class='ocrx_word' id='word_1_266' title='bbox 1220 1932 1258 1967; x_wconf 86' lang='lat'>1.</span> <span class='ocrx_word' id='word_1_267' title='bbox 1299 1939 1502 1982; x_wconf 80' lang='lat' dir='ltr'>receptam</span> 
     </span>
     <span class='ocr_line' id='line_1_27' title="bbox 35 1992 1502 2052; baseline 0.001 -18"><span class='ocrx_word' id='word_1_268' title='bbox 35 2002 185 2034; x_wconf 80' lang='lat' dir='ltr'>tuetur.</span> <span class='ocrx_word' id='word_1_269' title='bbox 302 1997 579 2049; x_wconf 74' lang='lat' dir='ltr'>materiasque.</span> <span class='ocrx_word' id='word_1_270' title='bbox 640 1992 769 2034; x_wconf 65' lang='lat' dir='ltr'>Goth:</span> <span class='ocrx_word' id='word_1_271' title='bbox 796 1994 1009 2048; x_wconf 76' lang='lat' dir='ltr'>modosque</span> <span class='ocrx_word' id='word_1_272' title='bbox 1036 2009 1131 2034; x_wconf 86' lang='lat' dir='ltr'>cum</span> <span class='ocrx_word' id='word_1_273' title='bbox 1168 1993 1290 2035; x_wconf 87' lang='lat' dir='ltr'><em>Voss.</em></span> <span class='ocrx_word' id='word_1_274' title='bbox 1325 2000 1363 2035; x_wconf 91' lang='lat'>1.</span> <span class='ocrx_word' id='word_1_275' title='bbox 1406 1994 1502 2052; x_wconf 74' lang='lat' dir='ltr'>(nisi</span> 
     </span>
     <span class='ocr_line' id='line_1_28' title="bbox 35 2060 1500 2116; baseline 0.001 -13"><span class='ocrx_word' id='word_1_276' title='bbox 35 2069 77 2104; x_wconf 89' lang='grc'>2.</span> <span class='ocrx_word' id='word_1_277' title='bbox 111 2077 193 2101; x_wconf 87' lang='lat' dir='ltr'>esse</span> <span class='ocrx_word' id='word_1_278' title='bbox 225 2061 425 2114; x_wconf 84' lang='lat' dir='ltr'>debebat).</span> <span class='ocrx_word' id='word_1_279' title='bbox 541 2065 620 2116; x_wconf 76' lang='lat' dir='ltr'><em>ipsi</em></span> <span class='ocrx_word' id='word_1_280' title='bbox 649 2062 737 2100; x_wconf 75' lang='lat' dir='ltr'><em>sibi.</em></span> <span class='ocrx_word' id='word_1_281' title='bbox 767 2060 894 2101; x_wconf 84' lang='lat' dir='ltr'>Amb.</span> <span class='ocrx_word' id='word_1_282' title='bbox 928 2067 968 2102; x_wconf 85' lang='lat'>1.</span> <span class='ocrx_word' id='word_1_283' title='bbox 1001 2060 1127 2103; x_wconf 87' lang='lat' dir='ltr'>Goth.</span> <span class='ocrx_word' id='word_1_284' title='bbox 1159 2077 1254 2101; x_wconf 90' lang='lat' dir='ltr'>cum</span> <span class='ocrx_word' id='word_1_285' title='bbox 1283 2063 1375 2103; x_wconf 90' lang='lat' dir='ltr'>edd.</span> <span class='ocrx_word' id='word_1_286' title='bbox 1406 2073 1500 2104; x_wconf 75' lang='lat' dir='ltr'>ante</span> 
     </span>
     <span class='ocr_line' id='line_1_29' title="bbox 35 2128 1499 2183; baseline -0.001 -13"><span class='ocrx_word' id='word_1_287' title='bbox 35 2129 185 2181; x_wconf 55' lang='lat' dir='ltr'>Stoma,</span> <span class='ocrx_word' id='word_1_288' title='bbox 210 2145 298 2169; x_wconf 83' lang='lat' dir='ltr'>exc.</span> <span class='ocrx_word' id='word_1_289' title='bbox 322 2128 479 2183; x_wconf 81' lang='lat' dir='ltr'>Camp.,</span> <span class='ocrx_word' id='word_1_290' title='bbox 502 2130 686 2168; x_wconf 79' lang='lat' dir='ltr'>ordinem</span> <span class='ocrx_word' id='word_1_291' title='bbox 705 2132 926 2179; x_wconf 76' lang='lat' dir='ltr'>invertunt.</span> <span class='ocrx_word' id='word_1_292' title='bbox 1033 2140 1067 2167; x_wconf 83' lang='lat' dir='ltr'>et</span> <span class='ocrx_word' id='word_1_293' title='bbox 1089 2128 1143 2168; x_wconf 77' lang='lat' dir='ltr'>ad</span> <span class='ocrx_word' id='word_1_294' title='bbox 1161 2145 1320 2169; x_wconf 81' lang='lat' dir='ltr'>morem.</span> <span class='ocrx_word' id='word_1_295' title='bbox 1362 2128 1499 2170; x_wconf 70' lang='lat' dir='ltr'><strong>Etiam</strong></span> 
     </span>
     <span class='ocr_line' id='line_1_30' title="bbox 32 2197 1499 2251; baseline -0.001 -13"><span class='ocrx_word' id='word_1_296' title='bbox 32 2197 144 2238; x_wconf 87' lang='lat' dir='ltr'>Flor.</span> <span class='ocrx_word' id='word_1_297' title='bbox 192 2212 216 2237; x_wconf 82' lang='lat' dir='ltr'>a</span> <span class='ocrx_word' id='word_1_298' title='bbox 256 2213 317 2251; x_wconf 84' lang='lat' dir='ltr'>pr.</span> <span class='ocrx_word' id='word_1_299' title='bbox 354 2212 411 2237; x_wconf 89' lang='lat' dir='ltr'>m.</span> <span class='ocrx_word' id='word_1_300' title='bbox 481 2208 515 2236; x_wconf 82' lang='lat' dir='ltr'>ct</span> <span class='ocrx_word' id='word_1_301' title='bbox 558 2212 742 2236; x_wconf 82' lang='lat' dir='ltr'>amorem.</span> <span class='ocrx_word' id='word_1_302' title='bbox 866 2206 1160 2250; x_wconf 72' lang='lat' dir='ltr'>persequuntur.</span> <span class='ocrx_word' id='word_1_303' title='bbox 1212 2209 1499 2251; x_wconf 75' lang='lat' dir='ltr'>prosequuntur</span> 
     </span>
     <span class='ocr_line' id='line_1_31' title="bbox 35 2263 1494 2318; baseline 0 -13"><span class='ocrx_word' id='word_1_304' title='bbox 35 2269 160 2306; x_wconf 83' lang='lat' dir='ltr'>etiam</span> <span class='ocrx_word' id='word_1_305' title='bbox 187 2263 312 2305; x_wconf 84' lang='lat' dir='ltr'><strong>Amb.</strong></span> <span class='ocrx_word' id='word_1_306' title='bbox 337 2271 376 2305; x_wconf 91' lang='grc'>2.</span> <span class='ocrx_word' id='word_1_307' title='bbox 411 2274 450 2304; x_wconf 86' lang='lat' dir='ltr'>et</span> <span class='ocrx_word' id='word_1_308' title='bbox 483 2268 571 2305; x_wconf 87' lang='lat' dir='ltr'>rell.</span> <span class='ocrx_word' id='word_1_309' title='bbox 605 2280 765 2315; x_wconf 78' lang='lat' dir='ltr'>omnes,</span> <span class='ocrx_word' id='word_1_310' title='bbox 802 2266 882 2303; x_wconf 83' lang='lat' dir='ltr'>nisi</span> <span class='ocrx_word' id='word_1_311' title='bbox 908 2266 1058 2303; x_wconf 83' lang='lat' dir='ltr'><strong>fallunt</strong></span> <span class='ocrx_word' id='word_1_312' title='bbox 1088 2273 1289 2318; x_wconf 80' lang='lat' dir='ltr'>excerpta.</span> <span class='ocrx_word' id='word_1_313' title='bbox 1407 2265 1494 2317; x_wconf 76' lang='grc' dir='ltr'><em>Ιιασ,</em></span> 
     </span>
     <span class='ocr_line' id='line_1_32' title="bbox 34 2329 1492 2386; baseline -0.001 -12"><span class='ocrx_word' id='word_1_314' title='bbox 34 2351 136 2374; x_wconf 80' lang='lat' dir='ltr'>cum.</span> <span class='ocrx_word' id='word_1_315' title='bbox 197 2335 294 2373; x_wconf 73' lang='lat' dir='ltr'>haec</span> <span class='ocrx_word' id='word_1_316' title='bbox 322 2349 409 2373; x_wconf 82' lang='lat' dir='ltr'>cum</span> <span class='ocrx_word' id='word_1_317' title='bbox 436 2332 575 2373; x_wconf 88' lang='lat' dir='ltr'>Turic.</span> <span class='ocrx_word' id='word_1_318' title='bbox 608 2333 717 2373; x_wconf 86' lang='lat' dir='ltr'>Flor.</span> <span class='ocrx_word' id='word_1_319' title='bbox 749 2330 872 2372; x_wconf 85' lang='lat' dir='ltr'><strong>Amb.</strong></span> <span class='ocrx_word' id='word_1_320' title='bbox 897 2336 933 2372; x_wconf 85' lang='lat'>1.</span> <span class='ocrx_word' id='word_1_321' title='bbox 953 2338 991 2372; x_wconf 85' lang='lat'>2.</span> <span class='ocrx_word' id='word_1_322' title='bbox 1022 2330 1158 2373; x_wconf 88' lang='lat' dir='ltr'>Guelf.</span> <span class='ocrx_word' id='word_1_323' title='bbox 1189 2331 1302 2372; x_wconf 84' lang='lat' dir='ltr'>Sich.</span> <span class='ocrx_word' id='word_1_324' title='bbox 1336 2329 1492 2386; x_wconf 77' lang='lat' dir='ltr'>Gryph-</span> 
     </span>
     <span class='ocr_line' id='line_1_33' title="bbox 33 2398 1494 2443; baseline -0.001 -1"><span class='ocrx_word' id='word_1_325' title='bbox 33 2419 121 2442; x_wconf 86' lang='lat' dir='ltr'>cum</span> <span class='ocrx_word' id='word_1_326' title='bbox 151 2402 248 2442; x_wconf 75' lang='lat' dir='ltr'>haec</span> <span class='ocrx_word' id='word_1_327' title='bbox 280 2400 405 2442; x_wconf 87' lang='lat' dir='ltr'>Goth.</span> <span class='ocrx_word' id='word_1_328' title='bbox 436 2400 556 2442; x_wconf 82' lang='lat' dir='ltr'><em>Voss.</em></span> <span class='ocrx_word' id='word_1_329' title='bbox 579 2409 618 2443; x_wconf 89' lang='grc'>2.</span> <span class='ocrx_word' id='word_1_330' title='bbox 649 2417 741 2441; x_wconf 86' lang='lat' dir='ltr'>cum</span> <span class='ocrx_word' id='word_1_331' title='bbox 769 2399 879 2440; x_wconf 89' lang='lat' dir='ltr'>Jens.</span> <span class='ocrx_word' id='word_1_332' title='bbox 902 2409 941 2439; x_wconf 89' lang='lat' dir='ltr'>et</span> <span class='ocrx_word' id='word_1_333' title='bbox 969 2403 1054 2440; x_wconf 84' lang='lat' dir='ltr'>rell.</span> <span class='ocrx_word' id='word_1_334' title='bbox 1088 2409 1181 2439; x_wconf 84' lang='lat' dir='ltr'>ante</span> <span class='ocrx_word' id='word_1_335' title='bbox 1212 2399 1344 2440; x_wconf 87' lang='lat' dir='ltr'>Stoer.</span> <span class='ocrx_word' id='word_1_336' title='bbox 1390 2398 1494 2440; x_wconf 84' lang='lat' dir='ltr'>Inde</span> 
     </span>
     <span class='ocr_line' id='line_1_34' title="bbox 33 2464 1491 2523; baseline -0.001 -14"><span class='ocrx_word' id='word_1_337' title='bbox 33 2479 168 2509; x_wconf 83' lang='lat' dir='ltr'>ortum</span> <span class='ocrx_word' id='word_1_338' title='bbox 199 2480 257 2510; x_wconf 83' lang='lat' dir='ltr'>est</span> <span class='ocrx_word' id='word_1_339' title='bbox 285 2470 535 2510; x_wconf 71' lang='lat' dir='ltr'>extrahenda</span> <span class='ocrx_word' id='word_1_340' title='bbox 561 2474 606 2509; x_wconf 85' lang='lat' dir='ltr'>in</span> <span class='ocrx_word' id='word_1_341' title='bbox 637 2468 804 2523; x_wconf 78' lang='lat' dir='ltr'>Camp.,</span> <span class='ocrx_word' id='word_1_342' title='bbox 837 2468 947 2523; x_wconf 89' lang='lat' dir='ltr'>quod</span> <span class='ocrx_word' id='word_1_343' title='bbox 973 2483 1026 2507; x_wconf 83' lang='lat' dir='ltr'>ex</span> <span class='ocrx_word' id='word_1_344' title='bbox 1055 2468 1215 2508; x_wconf 86' lang='lat' dir='ltr'>emend.</span> <span class='ocrx_word' id='word_1_345' title='bbox 1240 2465 1360 2520; x_wconf 66' lang='lat' dir='ltr'>Regii</span> <span class='ocrx_word' id='word_1_346' title='bbox 1388 2464 1491 2508; x_wconf 86' lang='lat' dir='ltr'>Bad.</span> 
     </span>
     <span class='ocr_line' id='line_1_35' title="bbox 34 2534 1492 2593; baseline -0.003 -15"><span class='ocrx_word' id='word_1_347' title='bbox 34 2536 150 2578; x_wconf 75' lang='lat' dir='ltr'>Cerv.</span> <span class='ocrx_word' id='word_1_348' title='bbox 197 2536 353 2592; x_wconf 84' lang='lat' dir='ltr'>Gryph.</span> <span class='ocrx_word' id='word_1_349' title='bbox 395 2549 645 2593; x_wconf 78' lang='lat' dir='ltr'>receperunt.</span> <span class='ocrx_word' id='word_1_350' title='bbox 782 2535 1169 2590; x_wconf 72' lang='lat' dir='ltr'>comprehendantur.</span> <span class='ocrx_word' id='word_1_351' title='bbox 1241 2534 1492 2589; x_wconf 76' lang='lat' dir='ltr'>comprehen-</span> 
     </span>
     <span class='ocr_line' id='line_1_36' title="bbox 32 2599 1486 2662; baseline -0.001 -19"><span class='ocrx_word' id='word_1_352' title='bbox 32 2605 177 2644; x_wconf 70' lang='lat' dir='ltr'>duntur</span> <span class='ocrx_word' id='word_1_353' title='bbox 224 2605 362 2648; x_wconf 78' lang='lat' dir='ltr'>Tu110.</span> <span class='ocrx_word' id='word_1_354' title='bbox 406 2622 429 2647; x_wconf 85' lang='lat' dir='ltr'>a</span> <span class='ocrx_word' id='word_1_355' title='bbox 466 2623 527 2662; x_wconf 80' lang='lat' dir='ltr'>pr,</span> <span class='ocrx_word' id='word_1_356' title='bbox 566 2623 621 2648; x_wconf 89' lang='lat' dir='ltr'>m.</span> <span class='ocrx_word' id='word_1_357' title='bbox 670 2605 780 2647; x_wconf 88' lang='lat' dir='ltr'>Flor.</span> <span class='ocrx_word' id='word_1_358' title='bbox 825 2620 849 2645; x_wconf 78' lang='lat' dir='ltr'>a</span> <span class='ocrx_word' id='word_1_359' title='bbox 888 2620 948 2658; x_wconf 87' lang='lat' dir='ltr'>pr.</span> <span class='ocrx_word' id='word_1_360' title='bbox 988 2619 1046 2644; x_wconf 87' lang='lat' dir='ltr'>m.</span> <span class='ocrx_word' id='word_1_361' title='bbox 1090 2601 1214 2644; x_wconf 87' lang='lat' dir='ltr'><strong>Amb.</strong></span> <span class='ocrx_word' id='word_1_362' title='bbox 1260 2607 1299 2643; x_wconf 87' lang='lat'>1.</span> <span class='ocrx_word' id='word_1_363' title='bbox 1349 2599 1486 2642; x_wconf 83' lang='lat' dir='ltr'>Guelf.</span> 
     </span>
    </p>
   </div>
   <div class='ocr_carea' id='block_1_3' title="bbox 30 2672 1029 2781">
    <p class='ocr_par' dir='ltr' id='par_1_8' title="bbox 30 2672 1029 2781">
     <span class='ocr_line' id='line_1_37' title="bbox 30 2672 376 2716; baseline 0.009 -3"><span class='ocrx_word' id='word_1_364' title='bbox 30 2672 150 2714; x_wconf 82' lang='lat' dir='ltr'><em>Voss.</em></span> <span class='ocrx_word' id='word_1_365' title='bbox 183 2679 223 2716; x_wconf 89' lang='grc'>3.</span> <span class='ocrx_word' id='word_1_366' title='bbox 252 2673 376 2716; x_wconf 81' lang='lat' dir='ltr'>Bern.</span> 
     </span>
     <span class='ocr_line' id='line_1_38' title="bbox 927 2739 1029 2781; baseline 0 0"><span class='ocrx_word' id='word_1_367' title='bbox 927 2739 973 2781; x_wconf 80' lang='grc' dir='ltr'>Μ</span> <span class='ocrx_word' id='word_1_368' title='bbox 1002 2745 1029 2781; x_wconf 88' lang='grc'><strong>2</strong></span> 
     </span>
    </p>
   </div>
  </div>
 </body>
</html>
