1757 2979
213 199 266 238 acl
287 199 417 252 Quint.
440 197 536 240 Iasi.
560 199 663 251 XII,
687 206 752 241 10.
775 202 810 253 §.
832 151 1032 241 ’ὒν-79.
1078 205 1148 240 11.
1167 201 1198 254 §.
1219 205 1394 241 2—26.
1463 203 1541 244 451

209 313 246 362 §.
279 317 344 352 17.
402 328 517 366 quam
549 311 768 353 muliorum.
813 312 882 354 Sic
914 312 1006 354 Par.
1041 317 1103 363 1.,
1157 312 1228 351 sed
1262 310 1355 354 Par.
1375 320 1428 367 P2.
1459 331 1538 357 om.

97 396 225 433 quam.
313 378 366 418 acl
394 396 491 418 eam.
542 378 610 419 Sic
638 379 729 420 Par.
766 385 803 420 1.
856 380 909 419 acl
934 397 998 420 eas
1030 379 1123 421 Par.
1154 385 1194 420 2.
1283 385 1540 423 necessarium

98 457 168 486 esi.
212 445 304 486 Par.
330 451 366 485 1.
389 452 429 486 2.
456 463 536 485 nec.
631 448 739 498 Quae
759 447 909 501 quidem
925 464 1139 501 possumus.
1191 445 1258 486 Sic
1278 446 1368 488 Par.
1392 455 1431 489 2.
1457 466 1535 491 sec.

95 528 153 552 m.
194 514 298 568 quod
326 513 475 567 quidem
501 525 628 567 potest
658 514 749 554 Par.
776 520 811 555 1.
836 520 875 555 2.
934 513 1102 570 [Itaque
1130 529 1286 568 prorsus
1315 517 1539 556 secundum

96 582 217 619 libros
248 595 338 620 mss.
367 582 622 619 scribendum
649 583 828 622 videtur:
863 582 1183 637 philosophorum
1209 598 1353 637 quoque
1382 584 1540 623 consul-

97 657 298 701 torumque
331 650 549 700 opiniones,
602 651 719 687 siculi
745 649 854 696 alia,
906 649 1065 688 velimus
1097 649 1247 702 legeres
1291 666 1382 701 nec,
1437 651 1540 705 quod

97 713 250 766 quidem
265 724 412 767 potest,
444 718 573 754 omnia
589 747 599 765 ,
632 718 659 754 i.
681 731 715 754 e.
737 717 806 754 sed
826 731 878 755 ne
898 717 998 756 haec
1020 718 1184 771 quidem
1203 719 1358 765 omnia,
1391 732 1538 772 quam-

95 783 153 820 vis
176 784 298 820 etiam
317 781 393 821 hoc
415 785 603 834 praestari
625 785 761 835 possit.-
817 782 922 823 Nam
952 799 1069 837 supra
1093 785 1258 838 quidem
1276 786 1397 824 verba
1421 802 1539 839 quam

94 847 303 887 multorum
344 848 532 889 libr-ovum
570 851 790 889 necessaria
827 849 939 888 lectio
979 861 1034 888 est
1061 853 1304 890 minuendae
1334 854 1392 891 rei
1421 867 1540 892 causa

96 916 202 956 dicta
218 918 419 968 videntur,
450 925 496 955 ut
516 920 762 969 intelljgatur
781 931 865 955 11011
887 918 1104 957 admodum
1126 921 1347 958 multorum
1365 922 1540 960 lectione

96 998 193 1036 opus
213 983 330 1036 esse.]
401 984 593 1040 facimus.
640 984 733 1025 Par.
757 989 793 1024 1.
813 989 838 1024 2
844 983 1054 1040 .fecimus.

207 1063 241 1114 ξ.
276 1067 342 1104 18.
401 1065 662 1117 impartimur.
713 1061 807 1102 Par.
836 1066 872 1101 1.
937 1066 1189 1118 ‚parlimum
1275 1064 1410 1104 trahat
1435 1065 1536 1106 incle.

94 1127 187 1168 Par.
221 1134 257 1168 1.
293 1132 505 1182 trajiciant.
557 1129 650 1170 Par,
682 1135 722 1170 2.
755 1131 915 1183 trajani.
1003 1133 1250 1187 flagitiosus.
1299 1130 1392 1173 Par.
1429 1137 1466 1172 1.
1496 1138 1521 1174 2

83 1198 274 1251 flagitiis.
362 1199 527 1237 animm.
574 1196 668 1238 Par.
700 1201 738 1236 1.
762 1202 802 1236 2.
832 1199 990 1236 animis.

208 1265 244 1315 ᾗ.
279 1269 346 1304 19.
405 1275 441 1303 et
462 1264 617 1304 clim-na.
658 1263 749 1305 Par.
769 1268 806 1303 1.
828 1270 866 1304 2.
890 1274 930 1302 ut
950 1263 990 1304 cl.

207 1334 242 1381 ᾗ.
277 1337 344 1372 20.
406 1335 446 1370 in
467 1332 619 1372 utendo.
662 1330 755 1371 Par.
781 1335 816 1369 1.
839 1337 915 1425 2.
908 1345 990 1369 0111.

209 1400 248 1448 §.
279 1403 348 1438 21.
408 1415 507 1453 quae
526 1401 668 1438 omn-ia.
711 1397 803 1437 Par.
829 1401 866 1437 1.
922 1413 1125 1451 ‚quaeque
1149 1398 1279 1436 omnia
1298 1396 1399 1438 tulit.

233 1506 242 1515 .
275 1482 342 1517 22.
403 1488 520 1517 sorte.
561 1477 654 1517 Par.
677 1481 712 1516 1.
735 1474 916 1531 2.]’01-10.
999 1475 1132 1515 elabot
1124 1485 1308 1516 averunt
1347 1474 1472 1516 Amb.
1503 1482 1540 1517 1.

96 1544 193 1599 (qui
211 1544 307 1583 hinc
332 1545 464 1584 denuo
485 1543 651 1597 incipit)
681 1543 946 1583 elaborarunt.

208 1623 244 1674 §.
277 1626 346 1663 23.
402 1623 470 1663 M.
504 1621 709 1662 Censorius
746 1621 860 1661 Cato.
918 1618 1044 1660 Amb.
1087 1624 1122 1659 1.
1158 1610 1225 1659 ZTsL
1268 1622 1390 1673 igitur
1429 1620 1539 1673 Cato,

95 1689 194 1729 idem
219 1707 386 1728 summus
406 1693 497 1744 imfi.
526 1690 627 1728 idem
648 1692 814 1743 sapien-9.
837 1687 936 1726 idem
958 1697 1093 1726 orator
1111 1689 1363 1725 memorabili
1385 1688 1543 1728 addita-

94 1766 244 1796 mento.
327 1760 499 1812 peritis&
522 1760 633 1796 inter.
681 1754 1023 1809 Interjiciturficit
1043 1757 1163 1793 etiam
1185 1757 1229 1792 in
1259 1753 1352 1794 Par.
1379 1760 1416 1796 1.
1439 1761 1480 1797 2.
1503 1765 1542 1797 et

97 1827 270 1864 verisim.
309 1823 437 1864 Amb.
473 1830 510 1865 1.
561 1824 813 1864 Addendum
842 1825 963 1875 igitur
992 1822 1151 1861 videtur
1192 1832 1237 1860 et
1270 1824 1381 1862 inter.
1466 1822 1543 1863 litt.

101 1891 287 1931 Graecas.
338 1884 470 1931 Abest¹
489 1890 664 1930 Graecas
682 1894 804 1930 etiam
822 1893 870 1929 ab
886 1888 1013 1929 Amb.
1039 1894 1075 1928 1.

210 1972 245 2022 ξ.
277 1970 344 2010 24.
404 1972 520 2008 immo
557 1972 666 2008 abest
692 1971 790 2008 item
818 1969 866 2007 ab
897 1966 1021 2007 Amb.
1055 1971 1091 2006 1.
1149 1965 1203 2005 Et
1232 1969 1364 2006 abesse
1395 1976 1538 2021 potest,

98 2041 132 2078 si
175 2032 473 2092 pronuntiando
523 2037 821 2076 distinctionem
867 2036 1018 2073 feceris.
1116 2044 1150 2071 ct
1200 2036 1369 2073 rusticae
1413 2038 1541 2076 etiam.

98 2105 228 2146 Abest
257 2108 372 2144 eliam
402 2107 450 2144 ab
479 2103 607 2144 Amb.
640 2109 678 2144 1.
738 2102 873 2143 Verba
902 2112 938 2140 et
957 2101 1175 2141 medicinae
1202 2104 1328 2141 omitt.
1359 2101 1451 2142 Par.
1477 2108 1514 2144 1.

212 2186 248 2235 §.
279 2187 348 2224 25.
406 2182 583 2222 arduum.
642 2180 709 2221 Sic
750 2189 788 2220 et
816 2179 944 2220 Amb.
979 2185 1015 2219 1.
1058 2182 1143 2219 siue
1175 2189 1244 2220 est,
1322 2178 1403 2220 Sed
1432 2181 1543 2222 idem,

100 2255 247 2292 omittit
270 2267 345 2291 non
368 2259 459 2290 ante
480 2249 631 2290 cadere
673 2248 812 2288 Ρ31.2
818 2263 926 2288 ..sec
949 2262 1003 2286 m.
1034 2263 1110 2286 non
1135 2262 1273 2300 capere
1292 2246 1347 2287 id.
1387 2246 1479 2288 Par
1502 2254 1540 2289 1

100 2337 235 2374 cupere
262 2318 317 2359 icl.
424 2327 469 2357 ut
498 2316 698 2372 quidquid.
747 2314 872 2356 Amb.
907 2320 945 2355 1.
986 2324 1022 2352 et
1057 2312 1253 2369 quicquid
1351 2314 1542 2357 habuisse.

100 2387 169 2428 Sic
189 2387 282 2428 Par.
305 2392 342 2427 1.
371 2392 409 2427 2.
459 2385 664 2425 habuerint
697 2383 790 2425 Par.
819 2389 859 2424 2.
890 2398 967 2423 sec.
987 2396 1097 2421 man.
1149 2397 1307 2421 cum—
1325 2380 1546 2422 habuissent

101 2454 226 2494 Amb.
252 2460 292 2494 1.

215 2534 251 2584 ᾧ,
283 2538 350 2573 26.
414 2532 608 2584 Quantum
628 2532 723 2569 enim
742 2530 888 2583 po'c'siS.
928 2525 996 2567 Sic
1018 2525 1110 2567 Par.
1134 2532 1174 2567 2.
1198 2541 1275 2566 sec.
1294 2542 1351 2566 m.
1398 2543 1489 2567 nam
1511 2540 1547 2567 et

101 2611 237 2655 poetas
272 2599 352 2640 Par
372 2605 407 2638 1.
430 2605 472 2640 2.
520 2615 609 2638 nam
638 2608 672 2636 et
706 2600 827 2636 etlam
854 2594 980 2635 Amb.
1015 2599 1052 2634 1.
1155 2604 1438 2648 praeceptores.
1478 2594 1546 2637 Sic

104 2669 241 2710 Par2
246 2666 411 2708 ..Aan
439 2672 477 2707 1.
534 2674 785 2720 praeceptore
808 2662 902 2704 Par.
926 2667 967 2703 1.

971 2729 1002 2769 F
1021 2731 1040 2768 f
1065 2734 1091 2769 2
