1721 2974
108 160 189 198 298
546 151 820 208 Supplcmenta
849 152 1111 191 annotationis

221 267 256 318 §.
289 271 356 308 53.
415 264 576 306 laboris.
624 263 751 306 Amb.
781 269 820 306 2.
848 261 990 304 labori.
1101 266 1295 320 primum:
1334 276 1414 305 tum
1439 283 1547 320 quae.

105 334 242 375 Turio.
271 333 375 374 Flor.
405 345 434 374 t.
459 351 525 389 pr.
555 350 593 388 q.
654 331 778 372 Amb.
803 338 843 373 2.
871 349 935 387 pr.
965 341 1128 387 tumque.
1238 335 1362 388 prius.
1413 333 1552 375 Tude.

104 401 212 443 flor.
243 400 355 442 Ahn.
383 400 510 442 Amb.
534 407 575 441 2.
606 398 724 438 Voss.
749 404 787 439 1.
814 397 919 454 plus-
1022 402 1144 455 incip.
1170 409 1236 439 est.
1282 399 1420 441 Turio.
1443 400 1550 441 Flor.

107 467 242 511 Guelf.
264 468 390 510 Amb.
413 475 452 509 2.
477 470 666 508 omittunt
687 475 757 506 est.

219 552 253 600 §.
288 550 354 590 54.
414 562 468 586 ccc
489 544 549 584 his
570 562 670 600 quae
689 568 745 575 —
764 544 1103 585 contradictiones.
1152 546 1220 587 Sic
1240 545 1366 586 Amb.
1392 551 1430 586 1.
1445 577 1457 599 ‚
1485 547 1556 587 sed

104 632 130 657 a
157 633 235 657 seo.
267 632 323 656 m.
354 631 498 670 quoque
526 627 598 667 pro
629 628 738 668 quae.
792 611 928 653 Turio.
960 630 1014 653 ex
1039 614 1098 654 his
1121 615 1448 654 contradictiones
1469 631 1554 654 cum

104 702 203 742 quae
223 687 262 723 in
282 694 362 722 tam
383 681 537 733 longius
559 683 804 734 opposuimus
819 697 831 721 .“
861 692 901 720 ut
924 691 1014 722 cett.
1029 714 1039 733 ,
1071 698 1164 722 cmn
1184 681 1292 722 Flor.
1306 714 1316 733 ‚
1347 685 1427 722 nisi
1446 683 1557 737 quod

105 754 174 794 hio
206 768 287 790 enm
316 764 387 803 pro
417 765 528 798 cum,
564 746 686 788 Goth.
717 746 844 788 Aan.
867 754 906 788 2.
937 748 1047 789 Jens.
1081 759 1119 789 et
1146 751 1237 789 edd.
1263 759 1354 789 ante
1382 748 1554 804 Gryph„

105 837 195 860 exc.
226 816 339 859 Sioh.
454 819 490 855 si
517 819 662 870 primo.
711 814 819 855 Flor.
850 830 872 853 a
890 829 949 867 pr.
973 831 1027 854 m.
1058 819 1126 855 isti
1149 833 1211 870 pr.
1244 832 1337 855 oum
1356 816 1481 857 Amb.
1506 823 1555 869 1.‚

103 889 175 929 sed
208 902 230 926 a
260 901 338 925 sec.
367 898 424 923 m.
455 885 535 922 ista
560 900 625 938 pr.
747 882 996 922 evocandum.
1046 881 1172 922 Amb.
1199 888 1236 923 1.
1266 882 1372 924 Flor.
1403 883 1494 924 Par.
1522 890 1556 924 1.

105 958 228 996 etiam
254 951 487 992 vocandum.
605 949 840 992 adversarii.
898 949 1023 990 Αιῐιῖ).
1048 956 1088 991 2.
1120 950 1338 990 adversari.
1456 963 1553 992 crat.

105 1023 215 1065 Jens.
248 1031 287 1062 et
319 1021 412 1060 edd.
444 1028 537 1059 ante
567 1017 692 1060 Stoer.
724 1022 810 1059 erit.
910 1028 1014 1074 capt.
1042 1028 1111 1058 cst.
1164 1016 1299 1058 Guelf.
1330 1029 1434 1074 capt.
1456 1031 1553 1060 erat.

193 1101 235 1130 ut
257 1090 314 1129 bis
336 1104 486 1139 cavere,
518 1087 589 1127 bis.
640 1087 766 1127 Amb.
793 1092 831 1127 1.
863 1086 930 1125 ubi
955 1101 997 1125 sc
1019 1086 1220 1137 cumbis,
1259 1087 1330 1127 sed
1357 1102 1379 1126 a
1397 1103 1475 1128 sec.
1500 1103 1555 1128 m.

105 1160 176 1199 ubi
202 1161 260 1197 sic
294 1175 316 1196 α
338 1156 478 1195 verbis.

220 1225 308 1281 [De
335 1240 453 1263 manu
482 1221 753 1277 gladiatorum
783 1219 992 1275 Spalding.
1026 1224 1147 1261 etiam
1176 1220 1319 1262 senec.
1354 1225 1468 1275 epist.
1500 1228 1554 1264 29

106 1297 279 1336 conferri
306 1295 417 1343 jussit
433 1322 444 1343 ,
494 1294 565 1330 ubi
595 1298 653 1330 est
675 1289 897 1345 spargenda
922 1300 977 1328 est
998 1305 1134 1329 manus
1165 1304 1235 1342 pro
1257 1289 1557 1351 circumfirendi

105 1373 193 1403 sunt
222 1360 366 1412 ictus]

217 1444 251 1499 §3
283 1444 349 1482 55.
407 1437 526 1478 ducit.
584 1436 665 1477 Sed
695 1435 806 1476 illam
837 1439 966 1477 etiam.
1028 1434 1154 1476 Aan.
1188 1441 1226 1477 1.
1268 1435 1308 1477 ἄ.
1339 1439 1461 1477 etiam
1501 1449 1557 1478 est

239 1505 249 1523 1

149 1506 174 1525 ⁰

104 1532 154 1574 ill
199 1543 321 1582 ctam,
362 1532 501 1569 literae
526 1544 551 1567 a
586 1536 625 1567 et
653 1529 669 1566 i
699 1529 985 1582 superscriptae
1007 1537 1100 1569 suut
1128 1543 1150 1566 a
1171 1543 1247 1567 sec.
1270 1542 1354 1580 m.,
1393 1526 1502 1568 Flor.
1534 1544 1557 1568 a

105 1616 165 1655 pr.
186 1615 241 1638 m.
265 1613 426 1653 quoque
446 1596 485 1635 d.
508 1606 541 1635 ct
563 1611 645 1634 eam
664 1605 719 1634 est
742 1595 806 1634 ille
828 1606 1027 1649 tamquam
1048 1595 1116 1635 secl
1133 1595 1205 1634 illa
1227 1598 1357 1636 etiam.
1458 1599 1560 1635 reci-

102 1670 178 1724 pit.
228 1665 364 1706 Turio.
391 1665 543 1718 recepit.
659 1662 806 1717 quali&
857 1661 984 1703 Amb.
1015 1667 1050 1701 1.
1075 1661 1194 1716 quali.
1307 1679 1427 1717 supra
1450 1663 1557 1702 (lixi.

105 1736 217 1777 Jens.
249 1743 288 1773 et
313 1733 403 1772 edd.
437 1740 528 1770 ante
555 1727 662 1771 Gibs.
686 1730 723 1769 cl.
747 1747 778 1769 s.
874 1731 1004 1769 etiam.
1052 1729 1176 1769 Aan.
1204 1735 1244 1769 2.
1269 1732 1379 1770 tiam.
1461 1730 1559 1788 fiv-

106 1805 295 1860 qucniior.
348 1799 487 1852 Camp.
502 1797 766 1854 fi·equcnlius.
873 1799 939 1837 rci.
989 1796 1152 1838 Omittit
1172 1796 1309 1837 Turio.

223 1883 262 1932 §.
295 1884 360 1921 56.
416 1877 630 1933 probandi.
688 1876 813 1918 Amb.
841 1882 875 1916 1.
909 1876 1140 1931 probandis.
1270 1873 1558 1929 refutandique.

105 1949 230 1992 Amb.
255 1953 291 1988 1.
308 1947 416 1987 Flor.
439 1961 462 1986 a
479 1962 539 1999 pr.
562 1961 618 1985 m.
641 1939 947 2002 refutandisque.
992 1935 998 1937 μ
1060 1941 1305 1982 adornanda.
1364 1939 1486 1983 Amb.
1519 1947 1557 1983 1.

106 2016 301 2059 ornanda.
388 2017 478 2053 sint.
523 2012 646 2053 Amb.
670 2018 705 2052 1.
733 2022 834 2052 sunt.
892 2010 1024 2052 Guelf.
1046 2012 1110 2050 sit.
1196 2008 1421 2050 docendum.
1468 2008 1500 2050 Γ
1503 2024 1558 2050 ar.

109 2091 149 2126 1.
171 2091 207 2126 2.
233 2089 271 2125 3.
294 2082 406 2124 Sich.
426 2084 547 2121 etiam
569 2079 786 2120 dicendum.
892 2076 999 2134 qnod
1016 2077 1095 2118 vol.
1145 2074 1282 2119 Guelf.
1315 2093 1414 2131 quae
1433 2092 1473 2117 υ.

107 2169 259 2195 accom.
293 2161 422 2191 tamen
456 2166 508 2190 cr.
532 2147 607 2204 irgfss
657 2146 784 2188 Amb.
808 2151 847 2188 1.
878 2145 988 2187 Flor.
1018 2160 1178 2200 quoque
1212 2162 1251 2185 α.
1278 2145 1445 2199 pecunia
1475 2154 1503 2183 i.
1525 2160 1558 2183 e.

108 2233 145 2261 et
172 2224 201 2262 i.
287 2229 389 2260 orat.
412 2219 509 2272 spir.
562 2215 702 2270 Camp.
729 2232 761 2256 ε.
782 2232 819 2256 ο.
912 2210 1158 2269 impleantur.
1212 2211 1280 2254 Sic
1304 2213 1425 2252 etiam
1443 2210 1557 2252 Sich.

108 2288 316 2344 implentur
348 2289 470 2326 etiam
489 2285 614 2327 Amb.
639 2290 672 2325 1.
693 2290 732 2327 2.

222 2367 260 2419 §.
293 2369 360 2408 57.
423 2365 568 2418 Quare.
619 2362 755 2405 Guelf.
778 2365 884 2418 quia.
973 2360 1151 2416 aliisque.
1199 2357 1325 2400 Aan.
1354 2362 1392 2398 1.
1416 2357 1560 2409 adjecit

112 2437 186 2476 his.
239 2432 364 2474 Goth.
389 2433 494 2474 aliis.
603 2442 638 2471 ct
657 2430 711 2472 hi.
762 2429 889 2472 Amb.
911 2435 950 2470 2.
979 2427 1089 2469 Jens.
1115 2437 1152 2468 et
1173 2427 1262 2466 edd.
1286 2435 1378 2465 ante
1400 2423 1556 2479 Gryph.

112 2515 149 2543 ει
170 2506 220 2553 ii,
259 2516 346 2542 exc.
373 2501 485 2543 Sich.
577 2501 742 2556 proprii.
794 2495 930 2538 Guelf.
952 2499 1114 2536 omittit,
1219 2494 1366 2549 quibus,
1416 2490 1555 2546 Camp.

113 2569 326 2624 dequibus.
377 2568 502 2610 Goth.
524 2571 603 2624 qui.
706 2565 895 2621 quodque.
943 2563 1070 2605 Amb.
1107 2569 1144 2603 1.
1176 2561 1284 2602 Flor.
1315 2563 1437 2600 etiam
1462 2576 1560 2615 quo-

113 2655 198 2693 que.
315 2649 380 2676 ant
400 2639 537 2678 minus.
586 2634 720 2678 Guelf.
749 2633 812 2673 vel
838 2650 889 2674 m.
1008 2631 1079 2670 Eae
1099 2631 1172 2670 his.
1222 2628 1346 2669 Amb.
1373 2633 1412 2668 2.
1433 2643 1486 2667 ex
1511 2630 1556 2667 is.
