1721 2974
133 162 182 204 54
437 151 440 153 Δ
567 160 834 217 supplementa
875 163 1135 198 annotationis

135 275 230 329 quin
260 276 461 316 verissima
496 276 546 315 sit
582 275 767 317 codicum
795 271 872 328 (ne
903 273 952 311 de
981 270 1107 311 Amb.
1132 276 1171 311 1.
1202 271 1280 311 hoo
1303 272 1392 312 loco
1415 270 1572 325 dicam)

137 342 272 384 Turio.
301 342 410 384 Flor.
439 341 559 383 Bodl.
588 342 702 383 AJm.
731 343 944 393 scriptura:
984 350 1018 377 et
1048 338 1369 379 clarissimos
1397 349 1431 378 et
1461 354 1576 380 con-

139 409 272 449 sulcs
309 412 507 463 geminam
547 409 677 449 eadem
716 409 845 447 littera
886 405 1059 458 legimus.
1117 405 1181 446 De
1222 404 1444 446 Consulum
1481 414 1577 446 nota

140 477 241 515 dixit
271 475 524 529 Spaldingius
554 485 593 515 et
617 480 737 528 vulgo
762 482 905 513 notum
935 483 991 513 est
1029 473 1299 528 (quamquam
1339 472 1448 513 Coss.
1470 473 1579 527 quod

140 540 326 582 Valerius
349 542 501 583 Probus
540 559 579 596 p.
611 548 716 584 1503
745 540 908 581 Putsch.
939 541 1081 593 habet,
1131 544 1177 579 in
1206 555 1367 593 corpore
1395 538 1580 594 Inscript-

143 606 378 649 Gruteriano
408 625 491 650 non
519 613 706 660 invenio,
745 608 815 647 sed
846 618 915 648 aut
946 607 1036 649 Cos.
1066 615 1134 647 aut
1166 606 1267 648 CoS.
1312 617 1380 648 aut
1413 607 1581 661 Conss.),

142 676 212 715 sed
240 678 359 714 etiam
386 692 522 716 eorum
550 685 781 729 perpetuam
810 678 1118 728 appellationem
1157 673 1465 714 clarissimorum
1504 674 1582 728 (of.

142 741 519 783 Drakenborchium
558 743 609 782 ad
645 745 811 782 Livium
838 741 1064 793 XXXIV,
1096 741 1150 795 5)
1187 756 1273 780 non
1311 743 1430 795 plene
1466 743 1586 782 scribi

142 812 300 847 solitam
327 812 471 860 fuisse,
512 819 550 849 et
577 811 850 861 inscriptiones
879 809 1024 848 docent
1052 817 1092 848 et
1121 815 1272 847 veteres
1292 817 1480 847 notarum
1498 811 1585 848 col-

144 878 323 916 lectores.
378 873 428 915 In
456 879 533 916 illis
564 875 608 916 G.
640 878 706 915 vel
736 873 820 915 CL.
852 875 1112 915 clarissimum
1140 877 1273 914 virum
1300 877 1516 928 significat,
1546 885 1588 917 et

145 944 190 980 in
211 957 378 982 numero
396 946 542 996 plurali
571 941 676 983 CC.:
708 943 855 983 horum
873 943 1061 983 Valerius
1081 940 1233 983 Probus
1264 943 1371 996 apud
1400 938 1586 984 Gothofr.

144 1025 186 1064 p.
221 1008 349 1058 1456,
399 1011 506 1062 apud
541 1009 704 1051 Putsch.
743 1024 784 1062 p.
823 1014 930 1051 1503
972 1009 1019 1050 C.
1058 1012 1114 1050 V.
1159 1009 1419 1049 clarissimum
1446 1012 1588 1059 virum,

146 1078 284 1118 Petrus
314 1075 517 1116 Diaconus
547 1074 732 1117 Gothoft.
765 1082 887 1129 1505,
925 1077 1089 1118 I’utsch.
1123 1081 1227 1117 1501
1263 1075 1378 1117 CLS.
1411 1076 1591 1116 clarissi-

147 1160 250 1183 mum
277 1146 496 1197 significare
523 1145 783 1185 tradiderunt.
841 1145 930 1184 Hoc
948 1147 1080 1197 ipsum
1100 1141 1402 1195 Quintilianum
1417 1145 1589 1184 voluisse

149 1211 253 1250 mihi
279 1214 520 1265 persuadeo,
561 1223 628 1262 ut,
670 1212 779 1268 quod
812 1210 920 1252 Coss.
951 1209 1043 1265 (vel
1075 1209 1236 1264 Conss.)
1270 1209 1368 1250 Clss.
1397 1212 1591 1251 scribere-

151 1286 237 1328 tus,
275 1284 605 1331 pronunciaretur
637 1280 856 1321 Clarissimi
880 1275 1098 1330 Consules]
1213 1276 1384 1318 Subura.
1441 1276 1592 1317 Subur-
1671 1286 1675 1291 ‘

153 1343 257 1384 bana
283 1344 409 1387 Aan.
432 1353 454 1387 1
487 1360 510 1387 a
538 1363 616 1389 sec.
646 1361 704 1388 m·

266 1412 300 1465 ᾗ.
330 1417 400 1453 31.
459 1424 512 1453 est
542 1432 600 1455 us·
640 1412 777 1455 Turio.
807 1412 916 1453 Flor.
949 1410 1084 1452 Guelf.
1115 1409 1256 1466 Camp.
1280 1410 1396 1452 -Jens.
1432 1418 1472 1452 et
1500 1411 1593 1453 edd.

154 1484 256 1529 posu
286 1488 377 1520 ante
406 1478 563 1536 Gryph.
594 1480 696 1523 Obr.
725 1484 816 1521 fort.
845 1478 971 1520 Amb.
994 1483 1032 1519 1.

268 1548 306 1597 ἕ.
336 1551 404 1589 33.
458 1547 592 1590 Redit.
649 1548 760 1588 Sedit
788 1546 925 1588 Tmio.
956 1545 1082 1587 Amb.
1107 1550 1146 1587 1.
1171 1544 1294 1587 Tarv.
1315 1548 1423 1587 Ven.
1479 1547 1597 1589 Sedet

159 1606 262 1651 Obr.
289 1611 404 1654 Ahn.
434 1612 534 1656 Tur.
558 1630 579 1655 a
599 1632 676 1656 sec.
695 1630 752 1656 m.
812 1614 906 1669 [Cf.
935 1616 1060 1668 praef.
1091 1613 1189 1653 Vol.
1209 1611 1230 1652 Ῑ
1260 1629 1299 1667 p.
1321 1611 1597 1668 LXXVHI]

244 1682 443 1732 agentibus
472 1687 591 1722 etiam
618 1681 755 1724 Turio.
785 1682 893 1722 Flor.
925 1680 1066 1733 Camp.
1096 1683 1272 1721 verisim.
1301 1679 1428 1722 Amb.
1456 1686 1494 1722 1.

157 1750 414 1796 grammatice
439 1747 576 1791 Turio.
605 1749 730 1792 Aan.
759 1755 797 1791 1.
820 1755 860 1790 2.
890 1747 997 1789 Flor.
1030 1761 1053 1786 a
1082 1762 1142 1801 pr.
1172 1763 1229 1788 m.
1261 1746 1384 1788 Goth.
1414 1747 1533 1790 Voss.
1557 1754 1597 1791 1.

164 1813 206 1850 2.
229 1816 269 1853 3.
301 1812 440 1870 Camp-

275 1883 312 1933 §.
343 1881 412 1924 34.
469 1895 523 1924 est
552 1884 618 1926 M.
651 1884 761 1926 Tull.
818 1893 871 1924 est
901 1897 980 1924 om.
1011 1878 1115 1923 Obr.
1147 1874 1226 1935 (ex
1252 1878 1424 1935 A1gent.
1453 1884 1498 1922 ni
1521 1885 1601 1924 fal-

163 1944 250 1999 lor)
291 1946 406 1991 Alm.
444 1949 580 1993 Turio.
620 1949 784 2006 Camp.,
831 1953 902 1992 sed
943 1950 1067 1990 Amb.
1103 1954 1141 1989 1.
1186 1952 1345 1988 retinet.
1410 1948 1479 1990 M.
1518 1964 1602 1993 om·

166 2010 290 2055 Amb.
323 2021 361 2057 1.
402 2029 424 2057 a
462 2033 521 2074 pr.
559 2033 617 2059 m.
745 2021 785 2057 in
826 2022 952 2058 omitt.
994 2020 1114 2056 etiam
1153 2013 1265 2056 Sich.
1312 2013 1449 2056 Turio.
1491 2015 1601 2058 Flor.

167 2077 292 2123 Amb.
320 2090 383 2137 2.3
430 2087 499 2125 sed
526 2083 651 2126 Amb.
684 2090 723 2125 1.
753 2086 887 2125 habet.
1002 2099 1118 2138 usque
1146 2098 1293 2137 quaque
1321 2085 1449 2124 omitt.
1482 2086 1603 2123 etiam

170 2142 306 2190 Turio.
336 2151 444 2193 Flor.
475 2153 601 2193 Goth.
632 2151 756 2192 Amb.
777 2159 817 2193 2.
854 2152 945 2193 Par.
969 2155 1009 2191 2.
1038 2155 1077 2189 6.
1108 2147 1271 2202 Camp.;
1311 2152 1483 2190 retinent
1509 2149 1601 2192 Par.

173 2218 212 2253 1.
252 2219 342 2258 fort.
369 2218 495 2260 Amb.
519 2223 557 2259 1.
672 2230 840 2260 exactor
862 2230 916 2259 est
945 2217 1082 2259 Tuxic.
1113 2231 1136 2255 a
1163 2232 1242 2257 sec.
1271 2230 1327 2256 m.
1358 2215 1490 2270 (prius
1519 2224 1604 2258 erat

172 2295 381 2337 exactore,
419 2295 464 2326 ut
491 2288 536 2324 iu
563 2283 704 2340 Alm.)
733 2285 873 2340 Camp.
986 2283 1079 2324 editi
1105 2283 1210 2339 freg-
1240 2283 1348 2323 Flor.
1377 2285 1497 2324 male.

282 2358 318 2400 §.
350 2356 417 2394 35.
474 2352 520 2393 de
549 2355 677 2394 omitt.
716 2355 835 2393 etiam
871 2350 1010 2393 Turio.
1048 2350 1156 2391 Flor.
1185 2349 1309 2390 Amb.
1331 2354 1369 2391 1.
1390 2355 1431 2392 2.
1461 2348 1602 2405 Gamp-

177 2412 287 2457 Sich.
319 2418 475 2475 Gryph.

707 2485 740 2529 C
772 2502 791 2527 Α
828 2503 865 2527 1’.
923 2483 1068 2526 VIII.
1594 2522 1598 2526 .

290 2551 322 2601 ἕ·
356 2558 394 2592 1-
452 2571 559 2596 conc.
591 2554 661 2595 cel.
691 2552 812 2596 Goth.
843 2568 935 2594 cum
963 2552 1053 2592 edd.
1074 2558 1168 2592 vett.
1191 2553 1306 2590 male.
1367 2549 1489 2605 [quid
1507 2565 1602 2605 quo-

181 2628 250 2665 quc
281 2619 414 2670 flexu.
480 2622 616 2664 Haesit
659 2626 703 2662 in
750 2623 811 2664 his
851 2625 980 2665 verbis
1018 2619 1299 2674 Spffldingius,
1350 2620 1434 2658 sine
1471 2630 1601 2667 causa,
