1721 2974
144 183 226 221 258
579 177 846 232 Supplcmenm
877 178 1137 216 annotationis

232 291 285 332 al.
312 301 448 345 postea
472 289 559 346 fiat.
617 289 685 329 Sio
715 289 855 341 procul
884 288 1004 328 dubio
1039 291 1162 330 etiam
1187 285 1308 329 Amb.
1336 294 1373 329 1.
1396 295 1434 330 2.
1463 290 1570 331 Flor.

148 359 235 400 Par.
265 364 303 398 1.
325 364 366 398 2.
463 368 515 396 est
544 356 678 410 quaed.
737 353 860 395 Amb.
884 358 922 393 1.
954 358 1103 395 omittit
1130 366 1200 397 est.
1284 367 1412 396 antea.
1450 355 1571 397 Amb.

152 433 189 467 1.
210 432 250 467 2.
283 423 414 465 Guelf.
447 423 567 464 Goth.
601 422 738 473 Camp.
770 430 808 461 et
837 421 928 462 edd.
960 431 1051 461 ante
1080 421 1211 463 Stoer.
1238 437 1351 462 meae
1380 433 1478 464 ante.

149 495 341 546 objicitur.
399 490 534 530 Turio.
566 489 752 540 obicitur„
851 487 978 529 Alcaeo.
1008 511 1065 519 ——-
1093 489 1217 529 adult.
1267 488 1393 530 Amb.
1416 495 1456 531 2.
1485 489 1575 530 Par.

152 567 190 601 1.
222 566 261 601 2.
297 564 335 599 5.
377 557 447 595 len.
478 558 677 609 speciosae
710 557 852 595 mar-ilo
882 556 983 610 quod
1012 556 1192 596 adulteri.
1251 555 1372 597 Aan.
1403 562 1442 597 1.
1484 571 1578 596 omn

149 628 254 668 Flor.
287 627 381 665 dant
409 622 611 661 adulterio.
673 621 786 675 [Secl
814 632 918 663 recte
947 625 1104 663 videtur
1127 624 1334 677 Spaldjug.
1359 639 1452 664 cum
1473 633 1577 664 cete-

148 698 200 734 ris
237 692 516 732 recentioribus
557 689 771 729 editoribus
814 693 935 730 verba
975 693 1169 745 speciosae
1194 694 1336 731 marito
1373 701 1579 746 tamquam

147 765 543 812 interpretamentmn
582 759 751 807 ejecisse.
820 756 1008 810 Speciosa
1042 762 1116 798 ista
1153 762 1299 798 ancilla
1327 768 1407 806 est,
1456 772 1579 812 quam

148 831 216 867 ille
253 826 441 864 lenocinii
476 824 647 861 faciendi
676 838 791 864 causa
822 828 960 864 emisse
999 830 1199 878 arguitur,
1245 829 1435 880 quoniam
1464 825 1579 864 adul-

147 897 293 933 terium
323 899 413 930 ante
443 892 683 930 commisisse
711 894 840 931 sciret.
898 891 1056 932 Thema
1081 894 1359 932 scholasticum
1388 891 1481 943 est]

149 960 382 999 damnatam.
440 956 577 997 Tun-ic.
618 958 880 1012 dampnatam.
991 960 1214 1015 parricidii.
1273 959 1411 1012 Camp.
1442 960 1579 1014 parri-

148 1026 304 1066 cidium.
419 1024 536 1078 ampl.
576 1041 648 1065 me.
712 1023 835 1066 Goth.
875 1026 983 1067 Jens.
1027 1036 1065 1067 et
1108 1028 1198 1067 edd.
1242 1037 1332 1066 ame
1363 1026 1491 1066 Stoer.
1516 1041 1579 1067 me

148 1093 268 1148 ampl.
379 1108 447 1131 nec
477 1091 541 1130 hic
569 1094 662 1146 quia
691 1095 749 1131 sic
778 1104 874 1132 erar.
934 1093 1073 1146 Camp.
1113 1111 1180 1133 nec
1213 1097 1246 1132 is
1275 1096 1367 1148 quia
1395 1104 1477 1131 erat
1507 1095 1578 1131 sic.

261 1161 299 1209 §.
330 1160 396 1199 48.
460 1159 581 1200 Casus
610 1172 748 1201 autem.
810 1158 942 1201 Guelf.
971 1159 1092 1200 Amb.
1115 1166 1153 1200 2.
1181 1159 1299 1200 Voss.
1323 1165 1361 1200 1.
1385 1165 1423 1200 3.
1453 1162 1488 1198 is
1510 1175 1581 1198 au-

149 1239 236 1267 tem.
292 1225 416 1266 Bern.
449 1243 561 1266 casus
591 1230 624 1267 is
655 1240 793 1268 autem.
902 1231 969 1282 qui
996 1238 1029 1265 et
1061 1230 1155 1281 ipsc.
1213 1227 1340 1267 Amb.
1364 1232 1400 1267 1.
1420 1233 1460 1266 2.
1490 1228 1582 1280 quia

149 1305 183 1333 et
214 1296 239 1334 i.
298 1291 431 1334 Guelf.
464 1296 558 1349 quid
585 1306 621 1334 et
647 1299 674 1336 i.
767 1310 821 1333 cx
839 1297 958 1349 inseq.
1018 1293 1156 1346 Camp.
1188 1309 1268 1334 om.
1299 1310 1366 1334 ex.
1400 1293 1518 1334 Voss.
1542 1297 1578 1333 1.

148 1377 202 1400 ex·
245 1377 323 1415 seq.
433 1362 623 1403 Annibal.
684 1360 818 1403 Guelf.
860 1360 982 1401 Goth.
1015 1360 1153 1413 Calnp.
1185 1360 1402 1401 Ηαηηίὂαῖ.
1486 1362 1582 1398 vicit

148 1429 253 1468 Αηη.
315 1426 450 1469 Guelf.
481 1428 602 1470 Goth.
635 1429 772 1483 Camp.
805 1438 844 1468 et
873 1430 962 1469 edd.
992 1443 1105 1466 meae
1138 1430 1186 1466 ab
1217 1425 1313 1466 Ald.
1346 1427 1397 1466 ad
1425 1425 1578 1480 Gryph.

149 1511 242 1534 cum
273 1498 328 1534 eis
360 1512 420 1548 ap⁴
451 1496 592 1536 Burm.
623 1500 761 1537 inserr.
791 1499 902 1535 enim.
988 1494 1180 1548 agricola.
1229 1495 1366 1547 Camp.
1388 1493 1579 1547 agriculo.

146 1573 242 1602 sust.
271 1562 405 1618 fimet.
466 1562 600 1604 Guelf.
637 1564 673 1619 f
705 1581 736 1603 S.
842 1563 1041 1602 exhausit.
1098 1561 1224 1602 Aan.
1252 1568 1292 1603 2.
1323 1564 1495 1602 exclusit.

148 1629 211 1668 vel
237 1630 449 1683 itidem'in
478 1633 586 1669 libris
618 1646 708 1670 mss.
738 1634 879 1670 nostris
908 1633 1065 1682 legitur.

259 1700 295 1747 §.
326 1697 394 1736 49.
452 1696 749 1751 Praecipueque.
807 1696 933 1736 Amb.
956 1701 992 1734 1.
1015 1702 1053 1736 2.
1085 1695 1192 1734 Flor.
1219 1698 1392 1735 retinent
1410 1711 1494 1749 que.

150 1765 312 1802 occisos.
362 1762 485 1803 Goth.
518 1767 678 1803 omittit.
765 1765 970 1817 pauciores
989 1786 1045 1793 —
1068 1779 1092 1801 a
1116 1762 1225 1815 vigil.
1281 1760 1349 1802 Sic
1375 1760 1501 1802 Amb.
1523 1767 1579 1812 2.,

148 1832 283 1869 ceteris
315 1832 480 1869 omissis.
565 1830 769 1869 diversum.
829 1829 969 1882 Camp.
1001 1829 1216 1869 adversum.

261 1897 296 1946 §.
331 1900 396 1937 50.
454 1895 570 1935 Haec
598 1907 632 1934 ct
663 1900 715 1936 in.
776 1895 910 1937 Guelf.
944 1912 1022 1938 om.
1051 1907 1098 1936 et.
1209 1896 1281 1935 An
1305 1905 1387 1948 pot.
1447 1893 1580 1935 Guelf.

151 1973 217 2002 aut
245 1974 326 2016 pot.
424 1963 603 2004 robustis.
663 1964 772 2005 Jens.
803 1965 993 2003 robustus.
1089 1962 1155 2001 ille
1184 1965 1224 2001 in
1254 1978 1363 2016 equo.
1393 1959 1517 2001 Alnb.
1543 1966 1582 2001 1.

131 2032 190 2070 2.
220 2029 285 2068 ille
312 2033 429 2084 equis.
488 2030 596 2071 Flor.
627 2031 694 2070 ille
721 2034 862 2085 aequis.
960 2031 1023 2070 lzic
1048 2032 1088 2068 in
1109 2028 1241 2068 rheda.
1300 2026 1433 2068 Guelf.
1456 2027 1581 2068 Aan.

149 2102 188 2136 2.
218 2094 340 2137 Goth.
373 2100 562 2137 omittunt
590 2101 643 2138 in.
753 2098 820 2138 ille
855 2114 947 2152 exp.
979 2098 1055 2138 hic.
1082 2114 1169 2150 pen.
1230 2095 1368 2149 Camp.
1395 2096 1459 2134 hic
1488 2111 1581 2150 exp.

150 2162 217 2201 ille
241 2181 329 2217 pen.
430 2167 614 2205 irretitus.
672 2163 799 2205 Aan.
836 2172 876 2205 2.
906 2167 1095 2204 inv-esitus.
1151 2163 1260 2203 Jens.
1291 2165 1498 2202 irrectituS.

261 2232 296 2282 ξ.
328 2237 395 2271 51.
455 2230 559 2270 licet.
599 2230 732 2272 Guelf.
753 2231 870 2272 Amb.
887 2239 923 2274 2.
951 2231 1070 2272 Voss.
1094 2236 1182 2271 1.3.
1207 2232 1410 2270 omittunt,
1443 2228 1582 2282 Camp.

152 2295 295 2336 licebit.
367 2297 584 2352 facultatis
614 2309 649 2336 et
679 2303 826 2353 copiae.
873 2299 952 2339 Sed
980 2315 1049 2339 ex.
1107 2294 1230 2338 Ajnb.
1255 2303 1276 2336 1
1311 2293 1422 2336 Alm.
1444 2295 1583 2352 facul-

151 2373 249 2402 iates
268 2375 302 2402 et
323 2367 438 2418 copia
455 2380 524 2404 ex.
583 2364 721 2406 Turio,
734 2367 957 2422 facultates
984 2363 1147 2420 (Flor.)
1179 2365 1313 2418 copiae
1333 2377 1398 2401 επ.
1438 2361 1579 2415 Camp.

152 2432 299 2469 omittit
336 2431 427 2470 Sed.
497 2431 618 2484 [Non
658 2434 945 2486 negligendum
982 2443 1117 2473 tamen
1153 2431 1309 2472 videtur
1350 2428 1584 2482 Spaldingio

152 2497 294 2546 fuisse,
344 2500 465 2537 etiam
502 2501 607 2538 infra
644 2502 686 2537 in
724 2504 958 2553 repetitione
994 2503 1122 2539 omnis
1163 2499 1404 2538 tractationis
1454 2497 1584 2546 §.94

150 2562 290 2600 itIdem
318 2578 484 2604 numero
512 2567 704 2618 singulari
732 2582 813 2607 esse
833 2565 1163 2617 lustramentum-J
1247 2567 1374 2618 signa.
1403 2562 1582 2605 Amb.1.

152 2624 290 2668 Turio.
320 2627 432 2672 Alm.
460 2634 530 2673 sic.-
594 2632 734 2688 Camp.
766 2645 801 2674 et
825 2637 952 2689 signa.
