1721 2974
206 150 261 191 acl
286 147 455 203 Quintil.
478 147 612 189 Instit.
640 145 723 202 VI,
752 151 793 188 3.
821 147 858 201 §.
883 124 1140 188 103--112.
1199 148 1240 187 4.
1266 148 1302 200 §.
1326 154 1363 186 1.
1452 148 1535 189 345

195 265 231 317 ξ.
263 269 358 305 109.
419 261 699 304 contumeliosi.
749 261 888 303 Turio.
919 275 943 300 a
970 274 1031 313 pr.
1060 275 1116 300 m.
1145 259 1453 302 contumeliosis,

82 332 282 387 Pompcjo.
333 330 473 384 Camp.
497 330 682 385 Pompeo.
769 331 941 385 scripsit.
984 327 1151 369 Omittit
1173 326 1296 368 Goth.
1384 346 1538 385 sequar.
1598 343 1600 345 “

79 400 113 442 F
115 404 187 441 lor.
204 416 430 455 persequar.
544 395 926 453 ἀποφθεγματικὸν.
979 395 1106 436 Amb.
1132 401 1170 436 1.
1199 399 1321 442 etiam
1341 401 1542 453 αποφθη-

79 484 268 522 ματικον.
377 477 413 506 et
435 476 491 505 est
509 490 567 498 —-
586 465 710 506 dixit.
760 465 887 506 Amb.
911 472 950 506 1.
977 463 1086 505 Flor.
1116 467 1239 503 etiam
1269 481 1302 503 c.
1323 482 1352 504 e.
1372 467 1430 504 ita
1455 483 1543 505 cnm

82 537 250 577 dixerit.
346 534 492 590 Neque.
535 532 662 574 Aan.
688 539 726 573 1.
748 551 830 574 nec.
927 550 1046 588 neque
1063 534 1168 572 imm.
1216 530 1343 573 Aan.
1366 539 1404 573 1.
1434 533 1543 575 Flor.

83 608 205 644 etiam
227 620 295 644 nec
318 606 345 643 i.
438 601 569 642 accid.
591 605 678 642 viro
694 602 816 659 forti.
866 601 976 642 Flor.
1002 600 1096 657 tus:
1120 617 1158 640 a.
1255 617 1381 655 posse.
1431 601 1542 644 Flor.
1562 608 1567 615 ’

84 675 206 711 etiam
220 672 360 726 possit.
447 669 699 710 urbanitatis.
745 668 780 710 F
782 673 857 709 lor.
881 669 1099 709 urbanitas.
1198 671 1415 724 accipiam.
1455 670 1545 711 Tu·-

84 742 154 780 ric.
176 754 199 779 a
216 755 294 779 sec.
316 753 374 778 m.
406 739 592 792 accipiat.

196 830 232 882 §.
267 833 362 870 110.
420 826 601 881 singuliS.
648 825 758 868 Flos.
782 843 806 867 a
825 843 904 868 sec.
927 842 984 867 m.
1009 825 1057 866 si.
1143 829 1290 881 potius.
1339 825 1449 868 Flor.
1471 845 1547 882 po-

85 898 149 937 tis.
254 897 407 936 urbana
437 913 530 937 esse.
582 893 617 936 F
619 899 693 936 lor.
718 899 841 935 etiam
862 897 956 935 urbe
975 897 1128 934 exer-io.
1179 895 1270 935 Par.
1301 899 1339 934 1.
1372 895 1465 934 urbe
1491 911 1547 935 eae

83 967 199 1004 serio.
316 981 388 1018 quo
410 964 524 1005 ridie.
570 962 638 1004 Sic
657 967 779 1003 etiam
799 963 833 1004 F
835 967 908 1003 lor.
969 979 1068 1017 qnae
1097 980 1129 1003 r.
1178 962 1268 1003 Par.
1293 967 1330 1002 1.
1350 969 1391 1003 2.
1507 975 1550 1002 ut

85 1031 132 1070 de
151 1032 254 1072 Poll.
306 1031 415 1073 Flor.
440 1047 602 1088 quoque
624 1035 773 1071 omittit
795 1043 851 1072 ut.
941 1031 1102 1070 Asinio.
1142 1029 1283 1084 Camp.
1305 1032 1461 1071 Asinio.

84 1103 197 1139 seriis
231 1103 420 1156 jocisque.
481 1099 619 1140 Turio.
652 1117 759 1138 serus
789 1100 886 1140 locis
916 1116 1025 1154 qnae.
1085 1098 1197 1139 Jens.
1229 1116 1337 1138 serus
1365 1099 1548 1155 locisque.

86 1167 227 1221 Camp.
251 1171 364 1208 seriis
383 1171 484 1221 jocis
506 1185 616 1223 quae.
731 1185 829 1209 eum.
877 1167 1014 1208 Turic.
1039 1166 1074 1207 F
1075 1170 1149 1211 lor.
1172 1184 1271 1207 cum.

203 1259 237 1309 §.
271 1246 365 1298 111.
426 1258 615 1313 Pompeji.
648 1256 772 1299 Goth.
794 1260 967 1314 Pompei.
1066 1269 1135 1298 aut
1152 1256 1247 1298 alio.
1287 1257 1425 1300 Turio.
1448 1275 1470 1299 a
1489 1276 1550 1313 pr.

87 1341 142 1366 ιιι.
170 1337 211 1364 ut
242 1326 335 1367 alio.
452 1343 529 1367 non
560 1327 609 1366 ab
641 1329 741 1382 ipso.
793 1325 902 1368 Flor.
934 1329 1058 1368 etiam
1087 1343 1179 1366 nam
1206 1343 1244 1366 a.
1265 1329 1294 1367 i.
1406 1339 1553 1383 posset.

89 1391 224 1434 Guelf.
253 1397 393 1450 possit.

206 1485 241 1535 §.
275 1490 369 1526 112.
431 1485 579 1525 Etiam.
631 1483 767 1526 Guelf.
804 1496 853 1526 el.
969 1484 1086 1540 quod.
1140 1483 1308 1526 Omittit
1343 1483 1468 1526 Goth.

95 1550 296 1593 Cer-ellim.
338 1553 405 1594 Sic
427 1557 549 1593 etiam
564 1551 691 1594 Aan.
717 1559 756 1593 1.
848 1554 1044 1594 Caesaris.
1088 1550 1224 1593 Guelf.
1249 1551 1473 1595 Caesarius.

93 1631 160 1658 aut
184 1638 247 1661 an.
305 1621 442 1662 Turio.
477 1637 499 1661 a
527 1638 586 1675 pr.
616 1637 672 1662 m.
701 1620 812 1662 Flor.
848 1621 989 1675 Camp.
1018 1631 1146 1661 autem
1175 1638 1213 1661 a.
1336 1619 1554 1665 Ciceronis.

95 1687 230 1728 Turio.
255 1705 277 1729 a
296 1706 355 1743 pr.
377 1706 432 1730 m.
468 1689 669 1730 Ciceroni.
786 1691 1025 1730 stomachus-
1073 1687 1183 1729 Flor.
1207 1704 1230 1728 a
1247 1705 1303 1742 pr.
1323 1705 1378 1730 m.
1406 1701 1558 1731 stoma-

95 1756 183 1796 cho.
292 1757 409 1797 Haec
435 1774 546 1815 qufle·
593 1757 731 1799 Turio.
757 1774 778 1797 a
798 1775 859 1812 pr.
882 1774 937 1798 m.
960 1758 1139 1812 haecque.
1247 1757 1556 1801 dissimulanda.

92 1822 229 1864 Turio.
249 1840 271 1864 a
291 1841 350 1878 pr.
375 1842 429 1866 m.
454 1825 800 1867 dissimulandam.
891 1826 1040 1881 (lece-pi.
1088 1824 1200 1868 Flor.
1223 1841 1386 1882 quoque
1411 1827 1558 1884 decipi.

178 1903 213 1930 et
233 1891 403 1942 diversa.
453 1893 521 1934 Sic
546 1897 667 1934 etiam
683 1893 807 1934 Amb.
835 1899 871 1934 1.
894 1893 1001 1935 Flor.

674 2106 706 2148 C
739 2121 764 2147 Α
797 2124 834 2148 P.
894 2106 981 2149 IV.

210 2237 247 2286 §.
284 2239 322 2273 1.
378 2240 575 2286 poterant.
637 2230 760 2272 Amb.
794 2237 830 2273 1.
868 2232 1007 2274 Turio.
1041 2248 1063 2273 a
1098 2249 1159 2288 pr.
1195 2249 1251 2274 m.
1283 2246 1476 2289 poteram.

98 2318 196 2356 quae
225 2301 290 2341 ad.
337 2299 476 2340 Turio.
508 2298 564 2339 acl
593 2316 710 2355 quae,
753 2316 774 2339 a
795 2317 874 2341 sec.
894 2316 949 2342 m.
978 2301 1033 2341 ad
1062 2312 1213 2342 tantum
1231 2319 1346 2357 quae.
1456 2320 1560 2345 nam.

99 2369 236 2410 Turio.
259 2386 348 2410 non.
439 2369 673 2407 inventione.
715 2366 850 2409 Guelf.
874 2372 1106 2411 invectione.
1198 2388 1315 2426 neque
1334 2371 1424 2411 hab.
1454 2371 1565 2414 Flor.

102 2455 169 2477 nec
187 2438 224 2478 Ῐι.
332 2436 538 2477 desideret.
594 2435 629 2477 F
630 2440 705 2476 lor.
726 2452 889 2493 quoque
912 2438 1108 2479 resideret.
1221 2443 1403 2494 quinque.
1449 2438 1562 2481 Flor.

103 2508 224 2545 etiam
266 2522 469 2561 quamque.
601 2505 702 2546 hanc
743 2523 843 2560 quae
882 2517 981 2547 tota.
1029 2505 1168 2547 Turio.
1220 2521 1242 2545 a
1273 2523 1333 2561 pr.
1363 2523 1420 2547 m.
1463 2508 1565 2548 Izan-

104 2589 175 2628 que
194 2584 327 2614 iotam.
368 2573 403 2615 F
404 2577 475 2615 lor.
496 2574 670 2629 hancque
691 2584 827 2615 totam.
917 2585 1174 2616 tractaturus.
1219 2574 1253 2618 F
1254 2579 1328 2617 lor.
1351 2586 1563 2617 tractatus.

192 2640 271 2681 alii
281 2641 467 2699 fortasse
502 2642 604 2682 idco.
664 2644 754 2683 Hoc
783 2643 922 2683 ordine
946 2645 1067 2684 etiam
1086 2642 1196 2685 Flor.
1309 2643 1562 2701 reliquerunt.
