<?xml version="1.0" encoding="UTF-8"?>
<!DOCTYPE html PUBLIC "-//W3C//DTD XHTML 1.0 Transitional//EN"
    "http://www.w3.org/TR/xhtml1/DTD/xhtml1-transitional.dtd">
<html xmlns="http://www.w3.org/1999/xhtml" xml:lang="en" lang="en">
 <head>
  <title>
</title>
<meta http-equiv="Content-Type" content="text/html;charset=utf-8" />
  <meta name='ocr-system' content='tesseract 3.04.00' />
  <meta name='ocr-capabilities' content='ocr_page ocr_carea ocr_par ocr_line ocrx_word'/>
</head>
<body>
  <div class='ocr_page' id='page_1' title='image "./deinstitutioneor05quinuoft_0226.png"; bbox 0 0 1721 2974; ppageno 0'>
   <div class='ocr_carea' id='block_1_1' title="bbox 180 152 1192 213">
    <p class='ocr_par' dir='ltr' id='par_1_1' title="bbox 180 152 1192 213">
     <span class='ocr_line' id='line_1_1' title="bbox 180 152 1192 213; baseline -0.009 -10"><span class='ocrx_word' id='word_1_1' title='bbox 180 168 199 202; x_wconf 84' lang='lat'>1</span> <span class='ocrx_word' id='word_1_2' title='bbox 209 166 261 203; x_wconf 81' lang='lat'><em>94</em></span> <span class='ocrx_word' id='word_1_3' title='bbox 619 155 894 213; x_wconf 78' lang='lat' dir='ltr'><em>Supplementa</em></span> <span class='ocrx_word' id='word_1_4' title='bbox 925 152 1192 194; x_wconf 63' lang='lat' dir='ltr'><em>annotationis</em></span> 
     </span>
    </p>
   </div>
   <div class='ocr_carea' id='block_1_2' title="bbox 183 258 1626 461">
    <p class='ocr_par' dir='ltr' id='par_1_2' title="bbox 183 258 1626 461">
     <span class='ocr_line' id='line_1_2' title="bbox 295 258 1626 327; baseline -0.006 -12"><span class='ocrx_word' id='word_1_5' title='bbox 295 277 332 327; x_wconf 90' lang='lat'><em>§.</em></span> <span class='ocrx_word' id='word_1_6' title='bbox 365 278 431 314; x_wconf 85' lang='lat'><em>28.</em></span> <span class='ocrx_word' id='word_1_7' title='bbox 492 282 600 312; x_wconf 79' lang='lat' dir='ltr'><em>ceria</em></span> <span class='ocrx_word' id='word_1_8' title='bbox 644 268 847 325; x_wconf 72' lang='lat' dir='ltr'><em>quaedam.</em></span> <span class='ocrx_word' id='word_1_9' title='bbox 908 264 1048 306; x_wconf 73' lang='lat' dir='ltr'><strong>Tusic.</strong></span> <span class='ocrx_word' id='word_1_10' title='bbox 1089 265 1196 306; x_wconf 78' lang='lat' dir='ltr'><em>Flor.</em></span> <span class='ocrx_word' id='word_1_11' title='bbox 1238 258 1372 306; x_wconf 67' lang='lat' dir='ltr'><strong>Guelf.</strong></span> <span class='ocrx_word' id='word_1_12' title='bbox 1419 266 1559 321; x_wconf 83' lang='lat' dir='ltr'><strong>Camp.</strong></span> <span class='ocrx_word' id='word_1_13' title='bbox 1591 284 1626 308; x_wconf 85' lang='lat' dir='ltr'><em>c.</em></span> 
     </span>
     <span class='ocr_line' id='line_1_3' title="bbox 183 332 1626 398; baseline -0.006 -15"><span class='ocrx_word' id='word_1_14' title='bbox 183 342 348 398; x_wconf 77' lang='lat' dir='ltr'><em>quidem.</em></span> <span class='ocrx_word' id='word_1_15' title='bbox 407 340 522 382; x_wconf 88' lang='lat' dir='ltr'><strong>Alm.</strong></span> <span class='ocrx_word' id='word_1_16' title='bbox 555 349 660 377; x_wconf 77' lang='lat' dir='ltr'><em>certa</em></span> <span class='ocrx_word' id='word_1_17' title='bbox 701 335 817 374; x_wconf 80' lang='lat' dir='ltr'><em>idem.</em></span> <span class='ocrx_word' id='word_1_18' title='bbox 934 333 1119 372; x_wconf 70' lang='lat' dir='ltr'><em>themata.</em></span> <span class='ocrx_word' id='word_1_19' title='bbox 1188 332 1325 372; x_wconf 77' lang='lat' dir='ltr'><em>Turio.</em></span> <span class='ocrx_word' id='word_1_20' title='bbox 1370 348 1391 372; x_wconf 85' lang='lat' dir='ltr'>a</span> <span class='ocrx_word' id='word_1_21' title='bbox 1427 349 1486 386; x_wconf 82' lang='lat' dir='ltr'><em>pr.</em></span> <span class='ocrx_word' id='word_1_22' title='bbox 1519 350 1626 375; x_wconf 83' lang='lat' dir='ltr'><strong>man.</strong></span> 
     </span>
     <span class='ocr_line' id='line_1_4' title="bbox 185 398 1450 461; baseline -0.005 -15"><span class='ocrx_word' id='word_1_23' title='bbox 185 412 323 450; x_wconf 76' lang='lat' dir='ltr'><em>thema.</em></span> <span class='ocrx_word' id='word_1_24' title='bbox 437 407 634 461; x_wconf 81' lang='lat' dir='ltr'><em>prooemio</em></span> <span class='ocrx_word' id='word_1_25' title='bbox 665 418 813 455; x_wconf 85' lang='lat' dir='ltr'><em>semper</em></span> <span class='ocrx_word' id='word_1_26' title='bbox 842 401 940 454; x_wconf 79' lang='lat' dir='ltr'><strong>subj.</strong></span> <span class='ocrx_word' id='word_1_27' title='bbox 974 398 1096 440; x_wconf 82' lang='lat' dir='ltr'><strong>Goth.</strong></span> <span class='ocrx_word' id='word_1_28' title='bbox 1130 403 1258 440; x_wconf 83' lang='lat' dir='ltr'><strong>omitt.</strong></span> <span class='ocrx_word' id='word_1_29' title='bbox 1290 416 1450 453; x_wconf 81' lang='lat' dir='ltr'><em>semper.</em></span> 
     </span>
    </p>
   </div>
   <div class='ocr_carea' id='block_1_3' title="bbox 296 487 1629 551">
    <p class='ocr_par' dir='ltr' id='par_1_3' title="bbox 296 487 1629 551">
     <span class='ocr_line' id='line_1_5' title="bbox 296 487 1629 551; baseline -0.009 -12"><span class='ocrx_word' id='word_1_30' title='bbox 296 503 332 551; x_wconf 84' lang='lat'><em>§.</em></span> <span class='ocrx_word' id='word_1_31' title='bbox 365 502 432 538; x_wconf 79' lang='grc'><em>29.</em></span> <span class='ocrx_word' id='word_1_32' title='bbox 489 495 653 548; x_wconf 74' lang='lat' dir='ltr'><em>peiiiore</em></span> <span class='ocrx_word' id='word_1_33' title='bbox 682 489 815 528; x_wconf 68' lang='lat' dir='ltr'><em>dicunt</em></span> <span class='ocrx_word' id='word_1_34' title='bbox 855 499 904 528; x_wconf 77' lang='lat' dir='ltr'><em>et.</em></span> <span class='ocrx_word' id='word_1_35' title='bbox 976 487 1115 542; x_wconf 83' lang='lat' dir='ltr'><strong>Camp.</strong></span> <span class='ocrx_word' id='word_1_36' title='bbox 1150 507 1191 543; x_wconf 81' lang='lat' dir='ltr'><em>p.</em></span> <span class='ocrx_word' id='word_1_37' title='bbox 1227 489 1364 528; x_wconf 69' lang='lat' dir='ltr'><em>(licant</em></span> <span class='ocrx_word' id='word_1_38' title='bbox 1404 499 1452 528; x_wconf 80' lang='lat' dir='ltr'><em>ct.</em></span> <span class='ocrx_word' id='word_1_39' title='bbox 1519 488 1629 529; x_wconf 85' lang='lat' dir='ltr'><strong>Jens.</strong></span> 
     </span>
    </p>
   </div>
   <div class='ocr_carea' id='block_1_4' title="bbox 184 555 1632 752">
    <p class='ocr_par' dir='ltr' id='par_1_4' title="bbox 184 555 1632 752">
     <span class='ocr_line' id='line_1_6' title="bbox 185 555 1632 622; baseline -0.008 -17"><span class='ocrx_word' id='word_1_40' title='bbox 185 581 311 622; x_wconf 87' lang='lat' dir='ltr'><strong>usque</strong></span> <span class='ocrx_word' id='word_1_41' title='bbox 343 565 393 602; x_wconf 77' lang='lat' dir='ltr'><em>ad</em></span> <span class='ocrx_word' id='word_1_42' title='bbox 419 561 528 601; x_wconf 83' lang='lat' dir='ltr'><em>Ven.</em></span> <span class='ocrx_word' id='word_1_43' title='bbox 561 560 688 596; x_wconf 73' lang='lat' dir='ltr'><em>omitt.</em></span> <span class='ocrx_word' id='word_1_44' title='bbox 732 556 878 594; x_wconf 74' lang='lat' dir='ltr'><em>dicunt.</em></span> <span class='ocrx_word' id='word_1_45' title='bbox 986 565 1171 608; x_wconf 69' lang='lat' dir='ltr'><em>iamlnctm</em></span> <span class='ocrx_word' id='word_1_46' title='bbox 1194 559 1359 609; x_wconf 79' lang='lat' dir='ltr'><em>priores,</em></span> <span class='ocrx_word' id='word_1_47' title='bbox 1414 555 1481 595; x_wconf 84' lang='lat' dir='ltr'><em>Sic</em></span> <span class='ocrx_word' id='word_1_48' title='bbox 1511 559 1632 595; x_wconf 83' lang='lat' dir='ltr'>etiam</span> 
     </span>
     <span class='ocr_line' id='line_1_7' title="bbox 185 620 1630 675; baseline -0.01 -1"><span class='ocrx_word' id='word_1_49' title='bbox 185 635 292 674; x_wconf 87' lang='lat' dir='ltr'><em>Flor.</em></span> <span class='ocrx_word' id='word_1_50' title='bbox 325 631 414 670; x_wconf 85' lang='lat' dir='ltr'><em>Par.</em></span> <span class='ocrx_word' id='word_1_51' title='bbox 440 633 476 669; x_wconf 81' lang='grc'><em>1.</em></span> <span class='ocrx_word' id='word_1_52' title='bbox 508 632 549 666; x_wconf 97' lang='grc'><em>2.</em></span> <span class='ocrx_word' id='word_1_53' title='bbox 672 634 706 662; x_wconf 78' lang='lat' dir='ltr'><em>et</em></span> <span class='ocrx_word' id='word_1_54' title='bbox 735 624 991 675; x_wconf 60' lang='lat' dir='ltr'><em>expositione.</em></span> <span class='ocrx_word' id='word_1_55' title='bbox 1062 620 1183 662; x_wconf 85' lang='lat' dir='ltr'><strong>Amb.</strong></span> <span class='ocrx_word' id='word_1_56' title='bbox 1214 622 1351 662; x_wconf 79' lang='lat' dir='ltr'><em>Turio.</em></span> <span class='ocrx_word' id='word_1_57' title='bbox 1379 622 1489 662; x_wconf 86' lang='lat' dir='ltr'><em>Flor.</em></span> <span class='ocrx_word' id='word_1_58' title='bbox 1519 620 1630 661; x_wconf 84' lang='lat' dir='ltr'><strong>Alm.</strong></span> 
     </span>
     <span class='ocr_line' id='line_1_8' title="bbox 184 688 1631 752; baseline -0.005 -18"><span class='ocrx_word' id='word_1_59' title='bbox 184 711 226 741; x_wconf 70' lang='lat' dir='ltr'><em>ut</em></span> <span class='ocrx_word' id='word_1_60' title='bbox 252 713 390 752; x_wconf 61' lang='lat' dir='ltr'><em>expos.</em></span> <span class='ocrx_word' id='word_1_61' title='bbox 504 692 620 745; x_wconf 75' lang='lat' dir='ltr'><em>idque</em></span> <span class='ocrx_word' id='word_1_62' title='bbox 634 693 691 745; x_wconf 75' lang='lat' dir='ltr'><em>fii</em></span> <span class='ocrx_word' id='word_1_63' title='bbox 725 699 826 728; x_wconf 82' lang='lat' dir='ltr'><em>reete</em></span> <span class='ocrx_word' id='word_1_64' title='bbox 864 691 962 728; x_wconf 87' lang='lat' dir='ltr'>dant</span> <span class='ocrx_word' id='word_1_65' title='bbox 1000 704 1160 743; x_wconf 83' lang='lat' dir='ltr'><em>quoque</em></span> <span class='ocrx_word' id='word_1_66' title='bbox 1202 688 1328 729; x_wconf 88' lang='lat' dir='ltr'><strong>Amb.</strong></span> <span class='ocrx_word' id='word_1_67' title='bbox 1361 695 1397 729; x_wconf 84' lang='lat'><em>1.</em></span> <span class='ocrx_word' id='word_1_68' title='bbox 1438 695 1477 729; x_wconf 83' lang='lat'><em>2.</em></span> <span class='ocrx_word' id='word_1_69' title='bbox 1520 688 1631 728; x_wconf 88' lang='lat' dir='ltr'><em>Flor.</em></span> 
     </span>
    </p>
   </div>
   <div class='ocr_carea' id='block_1_5' title="bbox 187 753 1636 1139">
    <p class='ocr_par' dir='ltr' id='par_1_5' title="bbox 187 753 1636 1139">
     <span class='ocr_line' id='line_1_9' title="bbox 187 753 1634 819; baseline -0.006 -17"><span class='ocrx_word' id='word_1_70' title='bbox 187 783 209 806; x_wconf 80' lang='lat' dir='ltr'>a</span> <span class='ocrx_word' id='word_1_71' title='bbox 241 783 300 819; x_wconf 76' lang='lat' dir='ltr'><em>pr.</em></span> <span class='ocrx_word' id='word_1_72' title='bbox 334 778 389 802; x_wconf 87' lang='lat' dir='ltr'><em>m.</em></span> <span class='ocrx_word' id='word_1_73' title='bbox 426 759 465 813; x_wconf 86' lang='lat' dir='ltr'><em>(a</em></span> <span class='ocrx_word' id='word_1_74' title='bbox 492 774 555 797; x_wconf 73' lang='lat' dir='ltr'><em>m:</em></span> <span class='ocrx_word' id='word_1_75' title='bbox 579 773 654 796; x_wconf 85' lang='lat' dir='ltr'><em>sec.</em></span> <span class='ocrx_word' id='word_1_76' title='bbox 686 760 825 795; x_wconf 77' lang='lat' dir='ltr'><em>inserit</em></span> <span class='ocrx_word' id='word_1_77' title='bbox 862 773 935 795; x_wconf 78' lang='lat' dir='ltr'><em>non</em></span> <span class='ocrx_word' id='word_1_78' title='bbox 975 765 1062 809; x_wconf 87' lang='lat' dir='ltr'><em>post</em></span> <span class='ocrx_word' id='word_1_79' title='bbox 1086 757 1162 811; x_wconf 79' lang='lat' dir='ltr'><em>fit)</em></span> <span class='ocrx_word' id='word_1_80' title='bbox 1203 756 1295 797; x_wconf 83' lang='lat' dir='ltr'><em>Par.</em></span> <span class='ocrx_word' id='word_1_81' title='bbox 1330 761 1370 797; x_wconf 87' lang='lat'><em>3.</em></span> <span class='ocrx_word' id='word_1_82' title='bbox 1429 755 1514 809; x_wconf 84' lang='lat' dir='ltr'><strong>[Cf.</strong></span> <span class='ocrx_word' id='word_1_83' title='bbox 1543 753 1634 795; x_wconf 90' lang='lat' dir='ltr'><em>Ad-</em></span> 
     </span>
     <span class='ocr_line' id='line_1_10' title="bbox 188 821 1636 879; baseline -0.007 -7"><span class='ocrx_word' id='word_1_84' title='bbox 188 834 320 873; x_wconf 78' lang='lat' dir='ltr'>denda</span> <span class='ocrx_word' id='word_1_85' title='bbox 349 833 390 867; x_wconf 85' lang='lat' dir='ltr'><em>in</em></span> <span class='ocrx_word' id='word_1_86' title='bbox 422 828 546 879; x_wconf 78' lang='lat' dir='ltr'><em>praef.</em></span> <span class='ocrx_word' id='word_1_87' title='bbox 590 824 688 863; x_wconf 72' lang='lat' dir='ltr'><em>Vol.</em></span> <span class='ocrx_word' id='word_1_88' title='bbox 719 822 758 862; x_wconf 91' lang='grc' dir='ltr'>Π</span> <span class='ocrx_word' id='word_1_89' title='bbox 790 838 879 876; x_wconf 82' lang='lat' dir='ltr'><strong>pag.</strong></span> <span class='ocrx_word' id='word_1_90' title='bbox 910 821 1006 874; x_wconf 77' lang='lat' dir='ltr'><em>VL]</em></span> <span class='ocrx_word' id='word_1_91' title='bbox 1133 827 1171 863; x_wconf 86' lang='lat' dir='ltr'><em>in</em></span> <span class='ocrx_word' id='word_1_92' title='bbox 1206 834 1406 878; x_wconf 76' lang='lat' dir='ltr'><em>utrumque</em></span> <span class='ocrx_word' id='word_1_93' title='bbox 1442 823 1636 862; x_wconf 78' lang='lat' dir='ltr'><strong>exhibent</strong></span> 
     </span>
     <span class='ocr_line' id='line_1_11' title="bbox 188 889 1636 939; baseline -0.005 -1"><span class='ocrx_word' id='word_1_94' title='bbox 188 903 309 939; x_wconf 72' lang='lat' dir='ltr'><strong>etiam</strong></span> <span class='ocrx_word' id='word_1_95' title='bbox 339 893 461 934; x_wconf 84' lang='lat' dir='ltr'><strong>Amb.</strong></span> <span class='ocrx_word' id='word_1_96' title='bbox 487 899 522 932; x_wconf 91' lang='grc'><em>1.</em></span> <span class='ocrx_word' id='word_1_97' title='bbox 553 897 591 932; x_wconf 88' lang='grc'><em>2.</em></span> <span class='ocrx_word' id='word_1_98' title='bbox 623 891 731 930; x_wconf 78' lang='lat' dir='ltr'><em>Flor.</em></span> <span class='ocrx_word' id='word_1_99' title='bbox 763 889 853 929; x_wconf 75' lang='lat' dir='ltr'><em>Par.</em></span> <span class='ocrx_word' id='word_1_100' title='bbox 887 895 925 929; x_wconf 84' lang='lat'><em>3.</em></span> <span class='ocrx_word' id='word_1_101' title='bbox 957 894 995 930; x_wconf 85' lang='lat'><em>5.</em></span> <span class='ocrx_word' id='word_1_102' title='bbox 1112 901 1309 931; x_wconf 69' lang='lat' dir='ltr'><em>meere-eat.</em></span> <span class='ocrx_word' id='word_1_103' title='bbox 1369 890 1496 930; x_wconf 85' lang='lat' dir='ltr'><strong>Amb.</strong></span> <span class='ocrx_word' id='word_1_104' title='bbox 1527 896 1564 930; x_wconf 91' lang='lat'><em>1.</em></span> <span class='ocrx_word' id='word_1_105' title='bbox 1596 907 1636 931; x_wconf 81' lang='lat' dir='ltr'><em>sc</em></span> 
     </span>
     <span class='ocr_line' id='line_1_12' title="bbox 190 956 1636 1012; baseline -0.006 -9"><span class='ocrx_word' id='word_1_106' title='bbox 190 972 384 1005; x_wconf 63' lang='lat' dir='ltr'><em>exerceat.</em></span> <span class='ocrx_word' id='word_1_107' title='bbox 432 960 541 1000; x_wconf 81' lang='lat' dir='ltr'><strong>Jens.</strong></span> <span class='ocrx_word' id='word_1_108' title='bbox 574 973 700 1012; x_wconf 88' lang='lat' dir='ltr'><em>usque</em></span> <span class='ocrx_word' id='word_1_109' title='bbox 731 959 781 996; x_wconf 79' lang='lat' dir='ltr'><em>ad</em></span> <span class='ocrx_word' id='word_1_110' title='bbox 812 957 966 997; x_wconf 82' lang='lat' dir='ltr'><em>Cervic.</em></span> <span class='ocrx_word' id='word_1_111' title='bbox 999 956 1150 1012; x_wconf 81' lang='lat' dir='ltr'><strong>Gryph.</strong></span> <span class='ocrx_word' id='word_1_112' title='bbox 1181 968 1404 996; x_wconf 66' lang='lat' dir='ltr'><em>exerceant.</em></span> <span class='ocrx_word' id='word_1_113' title='bbox 1502 974 1636 996; x_wconf 83' lang='lat' dir='ltr'><em>assue-</em></span> 
     </span>
     <span class='ocr_line' id='line_1_13' title="bbox 190 1023 1575 1079; baseline -0.004 -8"><span class='ocrx_word' id='word_1_114' title='bbox 190 1042 290 1072; x_wconf 68' lang='lat' dir='ltr'><em>runt.</em></span> <span class='ocrx_word' id='word_1_115' title='bbox 343 1029 410 1068; x_wconf 86' lang='lat' dir='ltr'><em>Sic</em></span> <span class='ocrx_word' id='word_1_116' title='bbox 437 1031 559 1067; x_wconf 80' lang='lat' dir='ltr'>etiam</span> <span class='ocrx_word' id='word_1_117' title='bbox 588 1025 707 1066; x_wconf 89' lang='lat' dir='ltr'><strong>Voss.</strong></span> <span class='ocrx_word' id='word_1_118' title='bbox 728 1030 766 1065; x_wconf 88' lang='lat'><em>1.</em></span> <span class='ocrx_word' id='word_1_119' title='bbox 821 1024 1028 1063; x_wconf 76' lang='lat' dir='ltr'><em>adsuerunt</em></span> <span class='ocrx_word' id='word_1_120' title='bbox 1059 1039 1221 1079; x_wconf 31' lang='lat' dir='ltr'><em>quoque·</em></span> <span class='ocrx_word' id='word_1_121' title='bbox 1243 1024 1354 1064; x_wconf 88' lang='lat' dir='ltr'><em>Flor.</em></span> <span class='ocrx_word' id='word_1_122' title='bbox 1384 1023 1511 1065; x_wconf 87' lang='lat' dir='ltr'><strong>Amb.</strong></span> <span class='ocrx_word' id='word_1_123' title='bbox 1535 1030 1575 1065; x_wconf 88' lang='grc'><em>2.</em></span> 
     </span>
     <span class='ocr_line' id='line_1_14' title="bbox 188 1094 571 1139; baseline -0.018 0"><span class='ocrx_word' id='word_1_124' title='bbox 188 1107 363 1139; x_wconf 80' lang='lat' dir='ltr'><em>asserunt</em></span> <span class='ocrx_word' id='word_1_125' title='bbox 390 1094 509 1134; x_wconf 91' lang='lat' dir='ltr'><strong>Voss.</strong></span> <span class='ocrx_word' id='word_1_126' title='bbox 534 1099 571 1133; x_wconf 88' lang='grc'><em>3.</em></span> 
     </span>
    </p>
   </div>
   <div class='ocr_carea' id='block_1_6' title="bbox 304 1167 1597 1227">
    <p class='ocr_par' dir='ltr' id='par_1_6' title="bbox 304 1167 1597 1227">
     <span class='ocr_line' id='line_1_15' title="bbox 304 1167 1597 1227; baseline -0.004 -13"><span class='ocrx_word' id='word_1_127' title='bbox 304 1180 340 1227; x_wconf 67' lang='grc' dir='ltr'><em>ξ.</em></span> <span class='ocrx_word' id='word_1_128' title='bbox 374 1179 441 1212; x_wconf 89' lang='grc'><em>30.</em></span> <span class='ocrx_word' id='word_1_129' title='bbox 501 1187 599 1225; x_wconf 80' lang='lat' dir='ltr'><em>quae</em></span> <span class='ocrx_word' id='word_1_130' title='bbox 627 1168 740 1209; x_wconf 75' lang='lat' dir='ltr'><em>zeloi.</em></span> <span class='ocrx_word' id='word_1_131' title='bbox 801 1167 868 1209; x_wconf 84' lang='lat' dir='ltr'><em>Sic</em></span> <span class='ocrx_word' id='word_1_132' title='bbox 901 1172 1019 1209; x_wconf 70' lang='lat' dir='ltr'><em>etiam</em></span> <span class='ocrx_word' id='word_1_133' title='bbox 1048 1169 1173 1208; x_wconf 83' lang='lat' dir='ltr'><strong>Amb.</strong></span> <span class='ocrx_word' id='word_1_134' title='bbox 1197 1175 1235 1209; x_wconf 83' lang='lat'><em>2.</em></span> <span class='ocrx_word' id='word_1_135' title='bbox 1265 1168 1355 1209; x_wconf 78' lang='lat' dir='ltr'><em>Par.</em></span> <span class='ocrx_word' id='word_1_136' title='bbox 1381 1173 1418 1209; x_wconf 83' lang='lat'><em>1.</em></span> <span class='ocrx_word' id='word_1_137' title='bbox 1438 1174 1477 1209; x_wconf 87' lang='grc'><em>2.</em></span> <span class='ocrx_word' id='word_1_138' title='bbox 1501 1172 1539 1209; x_wconf 88' lang='lat'><em>5.</em></span> <span class='ocrx_word' id='word_1_139' title='bbox 1595 1178 1597 1181; x_wconf 89' lang='lat'>&#39;</span> 
     </span>
    </p>
   </div>
   <div class='ocr_carea' id='block_1_7' title="bbox 194 1236 1639 1427">
    <p class='ocr_par' dir='ltr' id='par_1_7' title="bbox 194 1236 1639 1427">
     <span class='ocr_line' id='line_1_16' title="bbox 303 1236 1636 1280; baseline -0.003 0"><span class='ocrx_word' id='word_1_140' title='bbox 303 1240 442 1280; x_wconf 77' lang='lat' dir='ltr'><em>malae.</em></span> <span class='ocrx_word' id='word_1_141' title='bbox 507 1236 629 1277; x_wconf 87' lang='lat' dir='ltr'><strong>Amb.</strong></span> <span class='ocrx_word' id='word_1_142' title='bbox 658 1243 697 1277; x_wconf 85' lang='lat'><em>2.</em></span> <span class='ocrx_word' id='word_1_143' title='bbox 728 1237 836 1277; x_wconf 84' lang='lat' dir='ltr'><strong>Jens.</strong></span> <span class='ocrx_word' id='word_1_144' title='bbox 869 1236 968 1276; x_wconf 86' lang='lat' dir='ltr'><strong>Ald.</strong></span> <span class='ocrx_word' id='word_1_145' title='bbox 1000 1237 1114 1276; x_wconf 75' lang='lat' dir='ltr'><em>male.</em></span> <span class='ocrx_word' id='word_1_146' title='bbox 1230 1236 1434 1276; x_wconf 76' lang='lat' dir='ltr'><em>indicetur.</em></span> <span class='ocrx_word' id='word_1_147' title='bbox 1500 1236 1636 1277; x_wconf 80' lang='lat' dir='ltr'><em>Turio.</em></span> 
     </span>
     <span class='ocr_line' id='line_1_17' title="bbox 194 1302 1580 1357; baseline -0.004 -7"><span class='ocrx_word' id='word_1_148' title='bbox 194 1312 300 1351; x_wconf 76' lang='lat' dir='ltr'><em>Flor.</em></span> <span class='ocrx_word' id='word_1_149' title='bbox 341 1307 466 1348; x_wconf 83' lang='lat' dir='ltr'><strong>Amb.</strong></span> <span class='ocrx_word' id='word_1_150' title='bbox 492 1312 531 1346; x_wconf 79' lang='lat'><em>2,</em></span> <span class='ocrx_word' id='word_1_151' title='bbox 578 1302 702 1344; x_wconf 79' lang='lat' dir='ltr'><strong>Goth.</strong></span> <span class='ocrx_word' id='word_1_152' title='bbox 733 1303 856 1343; x_wconf 79' lang='lat' dir='ltr'><em>Beru.</em></span> <span class='ocrx_word' id='word_1_153' title='bbox 888 1303 1026 1357; x_wconf 53' lang='grc' dir='ltr'><strong>(ἔψη).</strong></span> <span class='ocrx_word' id='word_1_154' title='bbox 1060 1319 1184 1357; x_wconf 79' lang='lat' dir='ltr'><strong>marg.</strong></span> <span class='ocrx_word' id='word_1_155' title='bbox 1215 1302 1337 1343; x_wconf 84' lang='lat' dir='ltr'><strong>Basil.</strong></span> <span class='ocrx_word' id='word_1_156' title='bbox 1372 1304 1580 1356; x_wconf 68' lang='grc' dir='ltr'><strong>Ῐιιᾶἰςείιιν.</strong></span> 
     </span>
     <span class='ocr_line' id='line_1_18' title="bbox 195 1369 1639 1427; baseline -0.006 -9"><span class='ocrx_word' id='word_1_157' title='bbox 195 1377 329 1418; x_wconf 75' lang='lat' dir='ltr'><strong>Guelf.</strong></span> <span class='ocrx_word' id='word_1_158' title='bbox 361 1375 532 1414; x_wconf 84' lang='lat' dir='ltr'><strong>VOSS.1.</strong></span> <span class='ocrx_word' id='word_1_159' title='bbox 580 1372 750 1411; x_wconf 75' lang='lat' dir='ltr'><em>videtur,</em></span> <span class='ocrx_word' id='word_1_160' title='bbox 851 1370 1045 1409; x_wconf 76' lang='lat' dir='ltr'><em>narrandi</em></span> <span class='ocrx_word' id='word_1_161' title='bbox 1067 1374 1186 1410; x_wconf 73' lang='lat' dir='ltr'><em>ratio.</em></span> <span class='ocrx_word' id='word_1_162' title='bbox 1238 1369 1360 1418; x_wconf 79' lang='lat' dir='ltr'><strong>Goth.</strong></span> <span class='ocrx_word' id='word_1_163' title='bbox 1380 1371 1489 1412; x_wconf 79' lang='lat' dir='ltr'><strong>Jells.</strong></span> <span class='ocrx_word' id='word_1_164' title='bbox 1511 1388 1639 1427; x_wconf 86' lang='lat' dir='ltr'><strong>usque</strong></span> 
     </span>
    </p>
   </div>
   <div class='ocr_carea' id='block_1_8' title="bbox 196 1437 1193 1493">
    <p class='ocr_par' dir='ltr' id='par_1_8' title="bbox 196 1437 1193 1493">
     <span class='ocr_line' id='line_1_19' title="bbox 196 1437 1193 1493; baseline -0.006 -9"><span class='ocrx_word' id='word_1_165' title='bbox 196 1446 246 1484; x_wconf 78' lang='lat' dir='ltr'><em>ad</em></span> <span class='ocrx_word' id='word_1_166' title='bbox 280 1443 432 1484; x_wconf 79' lang='lat' dir='ltr'><em>Cervic.</em></span> <span class='ocrx_word' id='word_1_167' title='bbox 467 1440 600 1482; x_wconf 84' lang='lat' dir='ltr'><strong>Colin.</strong></span> <span class='ocrx_word' id='word_1_168' title='bbox 633 1437 787 1493; x_wconf 87' lang='lat' dir='ltr'><strong>Gryph.</strong></span> <span class='ocrx_word' id='word_1_169' title='bbox 821 1440 959 1476; x_wconf 67' lang='lat' dir='ltr'><em>ordine</em></span> <span class='ocrx_word' id='word_1_170' title='bbox 991 1453 1193 1478; x_wconf 82' lang='lat' dir='ltr'><em>converso.</em></span> 
     </span>
    </p>
   </div>
   <div class='ocr_carea' id='block_1_9' title="bbox 195 1528 1642 2665">
    <p class='ocr_par' dir='ltr' id='par_1_9' title="bbox 195 1528 1642 2665">
     <span class='ocr_line' id='line_1_20' title="bbox 309 1528 1637 1584; baseline 0.001 -15"><span class='ocrx_word' id='word_1_171' title='bbox 309 1537 345 1584; x_wconf 54' lang='grc' dir='ltr'><em>ς.</em></span> <span class='ocrx_word' id='word_1_172' title='bbox 377 1535 444 1570; x_wconf 87' lang='grc'><em>31.</em></span> <span class='ocrx_word' id='word_1_173' title='bbox 502 1540 567 1568; x_wconf 80' lang='lat' dir='ltr'><em>aut</em></span> <span class='ocrx_word' id='word_1_174' title='bbox 596 1539 636 1567; x_wconf 79' lang='lat' dir='ltr'><em>ut</em></span> <span class='ocrx_word' id='word_1_175' title='bbox 653 1529 801 1584; x_wconf 28' lang='lat' dir='ltr'><em>fizvctae</em></span> <span class='ocrx_word' id='word_1_176' title='bbox 829 1530 925 1568; x_wconf 82' lang='lat' dir='ltr'>dant</span> <span class='ocrx_word' id='word_1_177' title='bbox 956 1532 1077 1568; x_wconf 77' lang='lat' dir='ltr'>etiam</span> <span class='ocrx_word' id='word_1_178' title='bbox 1105 1528 1213 1569; x_wconf 87' lang='lat' dir='ltr'><em>Flor.</em></span> <span class='ocrx_word' id='word_1_179' title='bbox 1247 1542 1270 1567; x_wconf 83' lang='lat' dir='ltr'>a</span> <span class='ocrx_word' id='word_1_180' title='bbox 1297 1544 1356 1582; x_wconf 85' lang='lat' dir='ltr'><em>pr.</em></span> <span class='ocrx_word' id='word_1_181' title='bbox 1390 1544 1442 1567; x_wconf 93' lang='lat' dir='ltr'><em>m.</em></span> <span class='ocrx_word' id='word_1_182' title='bbox 1474 1529 1566 1570; x_wconf 84' lang='lat' dir='ltr'><em>Par.</em></span> <span class='ocrx_word' id='word_1_183' title='bbox 1597 1536 1637 1571; x_wconf 84' lang='lat'><em>2.</em></span> 
     </span>
     <span class='ocr_line' id='line_1_21' title="bbox 253 1594 1640 1652; baseline -0.001 -14"><span class='ocrx_word' id='word_1_184' title='bbox 253 1598 316 1638; x_wconf 75' lang='lat' dir='ltr'><em>vel</em></span> <span class='ocrx_word' id='word_1_185' title='bbox 348 1596 551 1652; x_wconf 72' lang='lat' dir='ltr'><em>aisaciae</em></span> <span class='ocrx_word' id='word_1_186' title='bbox 578 1596 699 1635; x_wconf 82' lang='lat' dir='ltr'><strong>Vasc.</strong></span> <span class='ocrx_word' id='word_1_187' title='bbox 734 1595 876 1649; x_wconf 83' lang='lat' dir='ltr'><strong>Steph.</strong></span> <span class='ocrx_word' id='word_1_188' title='bbox 917 1594 1071 1649; x_wconf 78' lang='lat' dir='ltr'><strong>Gryph.</strong></span> <span class='ocrx_word' id='word_1_189' title='bbox 1131 1607 1197 1634; x_wconf 78' lang='lat' dir='ltr'><em>aui</em></span> <span class='ocrx_word' id='word_1_190' title='bbox 1234 1612 1310 1635; x_wconf 85' lang='lat' dir='ltr'><em>non</em></span> <span class='ocrx_word' id='word_1_191' title='bbox 1323 1595 1471 1652; x_wconf 80' lang='lat' dir='ltr'><em>factae</em></span> <span class='ocrx_word' id='word_1_192' title='bbox 1519 1600 1640 1636; x_wconf 82' lang='lat' dir='ltr'><strong>etiam</strong></span> 
     </span>
     <span class='ocr_line' id='line_1_22' title="bbox 198 1662 1636 1717; baseline -0.005 -10"><span class='ocrx_word' id='word_1_193' title='bbox 198 1666 289 1707; x_wconf 79' lang='lat' dir='ltr'><em>Par.</em></span> <span class='ocrx_word' id='word_1_194' title='bbox 313 1671 349 1705; x_wconf 92' lang='grc'><em>1.</em></span> <span class='ocrx_word' id='word_1_195' title='bbox 374 1670 414 1704; x_wconf 84' lang='grc'><em>3.</em></span> <span class='ocrx_word' id='word_1_196' title='bbox 528 1667 705 1702; x_wconf 66' lang='lat' dir='ltr'><em>maxime</em></span> <span class='ocrx_word' id='word_1_197' title='bbox 734 1666 812 1717; x_wconf 82' lang='lat' dir='ltr'><em>qui.</em></span> <span class='ocrx_word' id='word_1_198' title='bbox 872 1662 994 1702; x_wconf 86' lang='lat' dir='ltr'><em>Bern.</em></span> <span class='ocrx_word' id='word_1_199' title='bbox 1028 1666 1234 1701; x_wconf 61' lang='lat' dir='ltr'><em>maximae</em></span> <span class='ocrx_word' id='word_1_200' title='bbox 1262 1666 1342 1716; x_wconf 80' lang='lat' dir='ltr'><em>qui.</em></span> <span class='ocrx_word' id='word_1_201' title='bbox 1398 1662 1524 1704; x_wconf 69' lang='lat' dir='ltr'><em>Aan.</em></span> <span class='ocrx_word' id='word_1_202' title='bbox 1544 1670 1636 1705; x_wconf 83' lang='lat'><em>1.2,</em></span> 
     </span>
     <span class='ocr_line' id='line_1_23' title="bbox 201 1728 1636 1784; baseline 0.001 -13"><span class='ocrx_word' id='word_1_203' title='bbox 201 1736 323 1772; x_wconf 79' lang='lat' dir='ltr'>etiam</span> <span class='ocrx_word' id='word_1_204' title='bbox 352 1732 601 1783; x_wconf 66' lang='lat' dir='ltr'><em>maoeimeqne</em></span> <span class='ocrx_word' id='word_1_205' title='bbox 631 1733 708 1784; x_wconf 83' lang='lat' dir='ltr'><em>qui.</em></span> <span class='ocrx_word' id='word_1_206' title='bbox 827 1746 944 1783; x_wconf 74' lang='lat' dir='ltr'><em>neque</em></span> <span class='ocrx_word' id='word_1_207' title='bbox 970 1746 1037 1780; x_wconf 60' lang='lat' dir='ltr'><em>pn.</em></span> <span class='ocrx_word' id='word_1_208' title='bbox 1111 1728 1192 1770; x_wconf 74' lang='lat' dir='ltr'>Sic,</span> <span class='ocrx_word' id='word_1_209' title='bbox 1210 1733 1331 1768; x_wconf 70' lang='lat' dir='ltr'><em>etiam</em></span> <span class='ocrx_word' id='word_1_210' title='bbox 1358 1730 1465 1770; x_wconf 84' lang='lat' dir='ltr'><em>Flor.</em></span> <span class='ocrx_word' id='word_1_211' title='bbox 1508 1731 1636 1772; x_wconf 86' lang='lat' dir='ltr'><strong>Amb.</strong></span> 
     </span>
     <span class='ocr_line' id='line_1_24' title="bbox 203 1793 1639 1852; baseline 0.001 -16"><span class='ocrx_word' id='word_1_212' title='bbox 203 1799 240 1839; x_wconf 86' lang='lat'><em>1.</em></span> <span class='ocrx_word' id='word_1_213' title='bbox 352 1815 426 1852; x_wconf 83' lang='lat' dir='ltr'><em>pro</em></span> <span class='ocrx_word' id='word_1_214' title='bbox 467 1796 602 1836; x_wconf 79' lang='lat' dir='ltr'><em>lucida</em></span> <span class='ocrx_word' id='word_1_215' title='bbox 635 1798 894 1851; x_wconf 75' lang='lat' dir='ltr'><em>perspicuam.</em></span> <span class='ocrx_word' id='word_1_216' title='bbox 972 1793 1093 1836; x_wconf 82' lang='lat' dir='ltr'><strong>Goth.</strong></span> <span class='ocrx_word' id='word_1_217' title='bbox 1124 1794 1243 1836; x_wconf 86' lang='lat' dir='ltr'><strong>Voss.</strong></span> <span class='ocrx_word' id='word_1_218' title='bbox 1277 1802 1318 1838; x_wconf 84' lang='lat'><em>2.</em></span> <span class='ocrx_word' id='word_1_219' title='bbox 1357 1796 1532 1837; x_wconf 69' lang='lat' dir='ltr'><em>lucidam</em></span> <span class='ocrx_word' id='word_1_220' title='bbox 1565 1815 1639 1852; x_wconf 83' lang='lat' dir='ltr'><em>pro</em></span> 
     </span>
     <span class='ocr_line' id='line_1_25' title="bbox 195 1870 418 1922; baseline -0.004 -17"><span class='ocrx_word' id='word_1_221' title='bbox 195 1870 418 1922; x_wconf 71' lang='lat' dir='ltr'><em>perspicua.</em></span> 
     </span>
     <span class='ocr_line' id='line_1_26' title="bbox 314 1940 1640 1996; baseline -0.002 -11"><span class='ocrx_word' id='word_1_222' title='bbox 314 1949 350 1996; x_wconf 84' lang='lat'><em>§.</em></span> <span class='ocrx_word' id='word_1_223' title='bbox 384 1949 450 1984; x_wconf 87' lang='grc'><em>32.</em></span> <span class='ocrx_word' id='word_1_224' title='bbox 498 1957 718 1996; x_wconf 78' lang='lat' dir='ltr'><em>quanquam</em></span> <span class='ocrx_word' id='word_1_225' title='bbox 736 1952 770 1980; x_wconf 83' lang='lat' dir='ltr'><em>et</em></span> <span class='ocrx_word' id='word_1_226' title='bbox 789 1940 1036 1980; x_wconf 73' lang='lat' dir='ltr'><em>Aristotcles.</em></span> <span class='ocrx_word' id='word_1_227' title='bbox 1068 1940 1172 1980; x_wconf 83' lang='lat' dir='ltr'><strong>Edd.</strong></span> <span class='ocrx_word' id='word_1_228' title='bbox 1195 1950 1286 1981; x_wconf 81' lang='lat' dir='ltr'><em>ante</em></span> <span class='ocrx_word' id='word_1_229' title='bbox 1306 1940 1406 1981; x_wconf 85' lang='lat' dir='ltr'><strong>Bad.</strong></span> <span class='ocrx_word' id='word_1_230' title='bbox 1430 1945 1559 1982; x_wconf 84' lang='lat' dir='ltr'><strong>omitt.</strong></span> <span class='ocrx_word' id='word_1_231' title='bbox 1591 1953 1640 1984; x_wconf 71' lang='lat' dir='ltr'><em>et.</em></span> 
     </span>
     <span class='ocr_line' id='line_1_27' title="bbox 317 2008 1642 2061; baseline 0 -12"><span class='ocrx_word' id='word_1_232' title='bbox 317 2012 531 2049; x_wconf 79' lang='lat' dir='ltr'><em>brevitatis.</em></span> <span class='ocrx_word' id='word_1_233' title='bbox 592 2008 659 2048; x_wconf 84' lang='lat' dir='ltr'><em>Sic</em></span> <span class='ocrx_word' id='word_1_234' title='bbox 690 2012 811 2047; x_wconf 78' lang='lat' dir='ltr'><em>efiam</em></span> <span class='ocrx_word' id='word_1_235' title='bbox 838 2008 947 2047; x_wconf 81' lang='lat' dir='ltr'><em>Flor.</em></span> <span class='ocrx_word' id='word_1_236' title='bbox 980 2023 1001 2046; x_wconf 83' lang='lat' dir='ltr'>a</span> <span class='ocrx_word' id='word_1_237' title='bbox 1031 2024 1108 2046; x_wconf 85' lang='lat' dir='ltr'><em>sec.</em></span> <span class='ocrx_word' id='word_1_238' title='bbox 1135 2023 1206 2055; x_wconf 89' lang='lat' dir='ltr'><em>m.‚</em></span> <span class='ocrx_word' id='word_1_239' title='bbox 1236 2010 1306 2047; x_wconf 90' lang='lat' dir='ltr'><em>sed</em></span> <span class='ocrx_word' id='word_1_240' title='bbox 1335 2024 1356 2048; x_wconf 88' lang='lat' dir='ltr'>a</span> <span class='ocrx_word' id='word_1_241' title='bbox 1376 2024 1434 2061; x_wconf 88' lang='lat' dir='ltr'><em>pr.</em></span> <span class='ocrx_word' id='word_1_242' title='bbox 1461 2025 1518 2049; x_wconf 91' lang='lat' dir='ltr'><em>m.</em></span> <span class='ocrx_word' id='word_1_243' title='bbox 1549 2026 1642 2049; x_wconf 88' lang='lat' dir='ltr'><em>cum</em></span> 
     </span>
     <span class='ocr_line' id='line_1_28' title="bbox 201 2074 1640 2128; baseline 0.001 -11"><span class='ocrx_word' id='word_1_244' title='bbox 201 2077 327 2118; x_wconf 83' lang='lat' dir='ltr'><strong>Amb.</strong></span> <span class='ocrx_word' id='word_1_245' title='bbox 349 2084 388 2117; x_wconf 90' lang='lat'><em>2.</em></span> <span class='ocrx_word' id='word_1_246' title='bbox 418 2077 588 2116; x_wconf 77' lang='lat' dir='ltr'><em>Voss-3.</em></span> <span class='ocrx_word' id='word_1_247' title='bbox 648 2078 837 2114; x_wconf 78' lang='lat' dir='ltr'><em>veritatis.</em></span> <span class='ocrx_word' id='word_1_248' title='bbox 953 2075 1123 2113; x_wconf 72' lang='lat' dir='ltr'><em>irrideres</em></span> <span class='ocrx_word' id='word_1_249' title='bbox 1151 2085 1259 2128; x_wconf 72' lang='lat' dir='ltr'><em>tarny.</em></span> <span class='ocrx_word' id='word_1_250' title='bbox 1317 2074 1442 2116; x_wconf 79' lang='lat' dir='ltr'><em>Aan.</em></span> <span class='ocrx_word' id='word_1_251' title='bbox 1456 2081 1495 2116; x_wconf 88' lang='lat'><em>2.</em></span> <span class='ocrx_word' id='word_1_252' title='bbox 1521 2076 1640 2118; x_wconf 86' lang='lat' dir='ltr'><strong>Voss.</strong></span> 
     </span>
     <span class='ocr_line' id='line_1_29' title="bbox 207 2142 1641 2197; baseline -0.001 -12"><span class='ocrx_word' id='word_1_253' title='bbox 207 2151 246 2186; x_wconf 90' lang='lat'><em>1.</em></span> <span class='ocrx_word' id='word_1_254' title='bbox 286 2150 324 2185; x_wconf 91' lang='lat'><em>3.</em></span> <span class='ocrx_word' id='word_1_255' title='bbox 357 2147 524 2183; x_wconf 79' lang='lat' dir='ltr'><em>inserens</em></span> <span class='ocrx_word' id='word_1_256' title='bbox 567 2154 672 2197; x_wconf 79' lang='lat' dir='ltr'><strong>tanq.</strong></span> <span class='ocrx_word' id='word_1_257' title='bbox 735 2142 843 2182; x_wconf 82' lang='lat' dir='ltr'><em>Flor.</em></span> <span class='ocrx_word' id='word_1_258' title='bbox 885 2157 907 2180; x_wconf 85' lang='lat' dir='ltr'>a</span> <span class='ocrx_word' id='word_1_259' title='bbox 937 2158 996 2194; x_wconf 91' lang='lat' dir='ltr'><em>pr.</em></span> <span class='ocrx_word' id='word_1_260' title='bbox 1031 2157 1086 2180; x_wconf 87' lang='lat' dir='ltr'><em>m.</em></span> <span class='ocrx_word' id='word_1_261' title='bbox 1126 2145 1265 2181; x_wconf 82' lang='lat' dir='ltr'><em>inserit</em></span> <span class='ocrx_word' id='word_1_262' title='bbox 1303 2146 1424 2181; x_wconf 80' lang='lat' dir='ltr'><strong>etiam</strong></span> <span class='ocrx_word' id='word_1_263' title='bbox 1472 2146 1641 2184; x_wconf 62' lang='lat' dir='ltr'><em>inserens</em></span> 
     </span>
     <span class='ocr_line' id='line_1_30' title="bbox 203 2208 1639 2264; baseline 0.001 -14"><span class='ocrx_word' id='word_1_264' title='bbox 203 2215 308 2251; x_wconf 85' lang='lat' dir='ltr'><em>inter</em></span> <span class='ocrx_word' id='word_1_265' title='bbox 346 2210 458 2250; x_wconf 76' lang='lat' dir='ltr'><em>irrid.</em></span> <span class='ocrx_word' id='word_1_266' title='bbox 488 2219 528 2250; x_wconf 85' lang='lat' dir='ltr'><em>et</em></span> <span class='ocrx_word' id='word_1_267' title='bbox 566 2221 675 2264; x_wconf 74' lang='lat' dir='ltr'><strong>ianq.</strong></span> <span class='ocrx_word' id='word_1_268' title='bbox 777 2219 843 2248; x_wconf 80' lang='lat' dir='ltr'><em>aut</em></span> <span class='ocrx_word' id='word_1_269' title='bbox 872 2209 1021 2247; x_wconf 77' lang='lat' dir='ltr'><em>brevem</em></span> <span class='ocrx_word' id='word_1_270' title='bbox 1038 2225 1129 2247; x_wconf 82' lang='lat' dir='ltr'><em>esse.</em></span> <span class='ocrx_word' id='word_1_271' title='bbox 1182 2208 1286 2249; x_wconf 86' lang='lat' dir='ltr'><em>Flor.</em></span> <span class='ocrx_word' id='word_1_272' title='bbox 1316 2208 1492 2251; x_wconf 84' lang='lat' dir='ltr'><strong>Amb.2.</strong></span> <span class='ocrx_word' id='word_1_273' title='bbox 1522 2210 1639 2253; x_wconf 71' lang='lat' dir='ltr'><strong>Alm.</strong></span> 
     </span>
     <span class='ocr_line' id='line_1_31' title="bbox 205 2274 1642 2319; baseline -0.001 0"><span class='ocrx_word' id='word_1_274' title='bbox 205 2279 296 2319; x_wconf 84' lang='lat' dir='ltr'><em>Par.</em></span> <span class='ocrx_word' id='word_1_275' title='bbox 320 2283 357 2318; x_wconf 88' lang='lat'><em>1.</em></span> <span class='ocrx_word' id='word_1_276' title='bbox 382 2284 420 2318; x_wconf 88' lang='grc'><em>2.</em></span> <span class='ocrx_word' id='word_1_277' title='bbox 444 2283 481 2317; x_wconf 88' lang='lat'><em>3.</em></span> <span class='ocrx_word' id='word_1_278' title='bbox 514 2275 635 2317; x_wconf 80' lang='lat' dir='ltr'><strong>Goth.</strong></span> <span class='ocrx_word' id='word_1_279' title='bbox 668 2279 787 2316; x_wconf 80' lang='lat' dir='ltr'><strong>etiam</strong></span> <span class='ocrx_word' id='word_1_280' title='bbox 818 2279 945 2316; x_wconf 79' lang='lat' dir='ltr'><strong>omitt.</strong></span> <span class='ocrx_word' id='word_1_281' title='bbox 977 2292 1067 2315; x_wconf 82' lang='lat' dir='ltr'><em>esse.</em></span> <span class='ocrx_word' id='word_1_282' title='bbox 1126 2274 1251 2316; x_wconf 86' lang='lat' dir='ltr'><strong>Amb.</strong></span> <span class='ocrx_word' id='word_1_283' title='bbox 1281 2282 1319 2316; x_wconf 87' lang='lat'><em>1.</em></span> <span class='ocrx_word' id='word_1_284' title='bbox 1349 2293 1428 2315; x_wconf 83' lang='lat' dir='ltr'><em>esse</em></span> <span class='ocrx_word' id='word_1_285' title='bbox 1459 2289 1524 2316; x_wconf 87' lang='lat' dir='ltr'><em>aut</em></span> <span class='ocrx_word' id='word_1_286' title='bbox 1554 2279 1642 2318; x_wconf 79' lang='lat' dir='ltr'><em>bre-</em></span> 
     </span>
     <span class='ocr_line' id='line_1_32' title="bbox 203 2342 1640 2398; baseline 0.001 -15"><span class='ocrx_word' id='word_1_287' title='bbox 203 2360 300 2384; x_wconf 77' lang='lat' dir='ltr'><em>vem.</em></span> <span class='ocrx_word' id='word_1_288' title='bbox 389 2347 682 2398; x_wconf 67' lang='lat' dir='ltr'><em>expositionem.</em></span> <span class='ocrx_word' id='word_1_289' title='bbox 730 2342 851 2384; x_wconf 83' lang='lat' dir='ltr'><strong>Goth.</strong></span> <span class='ocrx_word' id='word_1_290' title='bbox 873 2345 1147 2383; x_wconf 78' lang='lat' dir='ltr'><em>narrationem.</em></span> <span class='ocrx_word' id='word_1_291' title='bbox 1244 2359 1312 2382; x_wconf 82' lang='lat' dir='ltr'><em>nec</em></span> <span class='ocrx_word' id='word_1_292' title='bbox 1337 2342 1464 2382; x_wconf 80' lang='lat' dir='ltr'><em>liceat.</em></span> <span class='ocrx_word' id='word_1_293' title='bbox 1507 2343 1640 2394; x_wconf 79' lang='lat' dir='ltr'><em>Turio,</em></span> 
     </span>
     <span class='ocr_line' id='line_1_33' title="bbox 206 2409 1640 2465; baseline 0.001 -15"><span class='ocrx_word' id='word_1_294' title='bbox 206 2427 228 2450; x_wconf 83' lang='lat' dir='ltr'>a</span> <span class='ocrx_word' id='word_1_295' title='bbox 257 2428 316 2465; x_wconf 88' lang='lat' dir='ltr'><em>pr.</em></span> <span class='ocrx_word' id='word_1_296' title='bbox 348 2427 405 2452; x_wconf 89' lang='lat' dir='ltr'><em>m.</em></span> <span class='ocrx_word' id='word_1_297' title='bbox 439 2409 562 2452; x_wconf 83' lang='lat' dir='ltr'><strong>Goth.</strong></span> <span class='ocrx_word' id='word_1_298' title='bbox 596 2428 641 2449; x_wconf 81' lang='lat' dir='ltr'><em>ne</em></span> <span class='ocrx_word' id='word_1_299' title='bbox 672 2411 799 2450; x_wconf 73' lang='lat' dir='ltr'><em>liceat.</em></span> <span class='ocrx_word' id='word_1_300' title='bbox 923 2409 1155 2450; x_wconf 74' lang='lat' dir='ltr'><em>Theodorei.</em></span> <span class='ocrx_word' id='word_1_301' title='bbox 1213 2409 1346 2449; x_wconf 80' lang='lat' dir='ltr'>Turic-</span> <span class='ocrx_word' id='word_1_302' title='bbox 1375 2410 1497 2459; x_wconf 86' lang='lat' dir='ltr'><em>Flor.,</em></span> <span class='ocrx_word' id='word_1_303' title='bbox 1527 2421 1640 2452; x_wconf 85' lang='lat' dir='ltr'><em>uter-</em></span> 
     </span>
     <span class='ocr_line' id='line_1_34' title="bbox 205 2477 1527 2531; baseline 0.002 -15"><span class='ocrx_word' id='word_1_304' title='bbox 205 2493 285 2530; x_wconf 84' lang='lat' dir='ltr'><em>que</em></span> <span class='ocrx_word' id='word_1_305' title='bbox 307 2494 329 2517; x_wconf 83' lang='lat' dir='ltr'><strong>a</strong></span> <span class='ocrx_word' id='word_1_306' title='bbox 347 2495 406 2531; x_wconf 86' lang='lat' dir='ltr'><em>pr.</em></span> <span class='ocrx_word' id='word_1_307' title='bbox 426 2494 480 2518; x_wconf 85' lang='lat' dir='ltr'><em>m.</em></span> <span class='ocrx_word' id='word_1_308' title='bbox 511 2478 626 2518; x_wconf 85' lang='lat' dir='ltr'><strong>Alm.</strong></span> <span class='ocrx_word' id='word_1_309' title='bbox 657 2477 807 2517; x_wconf 77' lang='lat' dir='ltr'><em>Vidov.</em></span> <span class='ocrx_word' id='word_1_310' title='bbox 846 2477 1056 2517; x_wconf 72' lang='lat' dir='ltr'><em>Theodori.</em></span> <span class='ocrx_word' id='word_1_311' title='bbox 1119 2477 1256 2529; x_wconf 83' lang='lat' dir='ltr'><strong>Camp.</strong></span> <span class='ocrx_word' id='word_1_312' title='bbox 1292 2477 1527 2518; x_wconf 77' lang='lat' dir='ltr'><em>Theodorie.</em></span> 
     </span>
     <span class='ocr_line' id='line_1_35' title="bbox 208 2542 1635 2598; baseline 0.002 -16"><span class='ocrx_word' id='word_1_313' title='bbox 208 2560 356 2598; x_wconf 80' lang='lat' dir='ltr'><em>quoque</em></span> <span class='ocrx_word' id='word_1_314' title='bbox 385 2545 523 2585; x_wconf 79' lang='lat' dir='ltr'><em>solam.</em></span> <span class='ocrx_word' id='word_1_315' title='bbox 573 2542 681 2583; x_wconf 85' lang='lat' dir='ltr'><em>Cum</em></span> <span class='ocrx_word' id='word_1_316' title='bbox 703 2545 793 2583; x_wconf 85' lang='lat' dir='ltr'><em>edd.</em></span> <span class='ocrx_word' id='word_1_317' title='bbox 826 2559 887 2596; x_wconf 76' lang='lat' dir='ltr'><em>ap.</em></span> <span class='ocrx_word' id='word_1_318' title='bbox 922 2543 1062 2584; x_wconf 88' lang='lat' dir='ltr'><strong>Burm.</strong></span> <span class='ocrx_word' id='word_1_319' title='bbox 1095 2542 1248 2596; x_wconf 73' lang='lat' dir='ltr'><strong>Gryph.</strong></span> <span class='ocrx_word' id='word_1_320' title='bbox 1276 2547 1414 2584; x_wconf 82' lang='lat' dir='ltr'><em>inserit</em></span> <span class='ocrx_word' id='word_1_321' title='bbox 1465 2545 1635 2588; x_wconf 71' lang='lat' dir='ltr'><em>scholae.</em></span> 
     </span>
     <span class='ocr_line' id='line_1_36' title="bbox 206 2609 1639 2665; baseline 0.005 -17"><span class='ocrx_word' id='word_1_322' title='bbox 206 2610 330 2651; x_wconf 75' lang='lat' dir='ltr'><strong>Amb.</strong></span> <span class='ocrx_word' id='word_1_323' title='bbox 358 2617 394 2651; x_wconf 90' lang='lat'><em>1.</em></span> <span class='ocrx_word' id='word_1_324' title='bbox 426 2628 447 2651; x_wconf 87' lang='lat' dir='ltr'>a</span> <span class='ocrx_word' id='word_1_325' title='bbox 477 2628 536 2665; x_wconf 84' lang='lat' dir='ltr'><em>pr.</em></span> <span class='ocrx_word' id='word_1_326' title='bbox 565 2626 620 2651; x_wconf 88' lang='lat' dir='ltr'><em>m.</em></span> <span class='ocrx_word' id='word_1_327' title='bbox 661 2627 810 2665; x_wconf 80' lang='lat' dir='ltr'><em>quoque</em></span> <span class='ocrx_word' id='word_1_328' title='bbox 840 2609 976 2652; x_wconf 72' lang='lat' dir='ltr'><em>solam.</em></span> <span class='ocrx_word' id='word_1_329' title='bbox 1092 2609 1321 2665; x_wconf 77' lang='lat' dir='ltr'><em>relinquunt.</em></span> <span class='ocrx_word' id='word_1_330' title='bbox 1387 2610 1512 2653; x_wconf 83' lang='lat' dir='ltr'><strong>Amb.</strong></span> <span class='ocrx_word' id='word_1_331' title='bbox 1544 2618 1582 2654; x_wconf 84' lang='lat'><em>1.</em></span> <span class='ocrx_word' id='word_1_332' title='bbox 1614 2627 1639 2654; x_wconf 74' lang='lat' dir='ltr'><strong>a</strong></span> 
     </span>
    </p>
   </div>
  </div>
 </body>
</html>
