1721 2974
356 160 411 201 acl
442 158 615 216 Quintil.
647 157 782 200 Instit.
817 157 897 211 VJ,
927 163 966 201 3.
1000 159 1033 212 §.
1063 163 1263 205 59—-72,
1464 171 1545 207 337

194 275 232 326 §.
267 278 335 316 67.
395 291 526 316 omnes
557 272 716 314 cadunt.
774 270 900 313 Amb.
935 278 972 313 1.
1014 269 1151 314 Guelf.
1183 277 1308 314 omnis
1337 277 1458 320 cadit.

78 342 182 385 καθ’
228 339 476 399 ὑπερβολήν.
543 341 655 382 Haec
695 343 889 380 omittunt
923 343 1047 380 etiam
1083 339 1212 381 Amb.
1245 347 1284 383 1.
1316 342 1349 384 F
1353 348 1427 386 lor.

0 419 1 423 ’
78 412 207 468 quale.
258 410 383 453 Amb.
408 415 442 449 1.
471 407 581 449 Flor.
613 423 777 463 quoque
808 407 926 462 quod.
1044 407 1090 447 de
1118 408 1284 450 homine.
1330 412 1400 452 Sic
1419 416 1540 455 essiam

77 479 201 521 Amb.
226 486 265 521 1.
298 478 406 519 Flor.
502 476 683 516 Fabium.
735 474 804 516 Sic
828 478 949 515 etiam
967 474 1074 516 Flor.
1172 489 1295 517 essent
1314 496 1423 522 naso.
1471 481 1541 522 Sic

77 552 201 589 etiam
229 545 352 588 Amb.
385 552 422 586 1.
452 544 560 585 Flor.
683 546 942 584 interiturum.
997 541 1120 585 Amb.
1147 549 1184 587 1.
1215 560 1377 602 quoque
1406 552 1543 590 interit

76 627 290 671 uirumque.
349 613 456 654 Flor.
490 614 671 651 vitiatum
701 620 912 666 utrumque.

189 720 225 769 §.
259 719 326 756 68.
388 716 535 754 ironia.
588 710 724 753 Guelf.
759 729 904 752 romae.
1009 729 1146 757 nonne.
1199 713 1340 771 Camp.
1363 734 1454 759 non.

76 786 328 824 severissime.
370 779 494 822 Amb.
523 786 560 820 1.
588 783 624 819 si
643 782 856 820 verissime.
971 798 1109 837 prope.
1170 782 1296 825 Aan.
1319 790 1356 826 1.
1383 803 1543 840 proene.

167 851 269 904 Qua.
321 849 449 890 Amb.
485 853 522 888 1.
563 847 674 888 Flor.
717 851 841 888 etiam
880 865 1011 902 qnam.
1130 866 1231 892 cum.
1288 850 1425 895 Guelf.
1452 871 1543 910 pro,

75 934 170 958 cum
198 932 324 970 marg.
356 916 482 957 Basil.
585 919 810 971 impetrata.
863 915 1003 956 Turic.
1035 932 1057 956 a
1075 933 1155 958 sec.
1178 933 1233 958 m.
1251 920 1459 975 imperata.

76 1001 198 1025 causa
227 984 403 1025 elabora.
460 982 587 1024 Amb.
619 989 656 1024 1.
701 999 867 1023 causare
896 994 931 1022 et
961 984 1098 1025 abor-(1.
1159 984 1298 1027 Turio.
1339 1003 1362 1028 a.
1394 1005 1456 1043 pr.
1484 1006 1545 1033 m.

72 1052 183 1093 Flor.
215 1069 376 1092 causam
406 1062 442 1090 et
474 1052 627 1092 labora.
747 1050 852 1091 lusit.
900 1050 969 1092 Sic
1000 1056 1125 1092 etiam
1153 1051 1279 1094 Amb.
1304 1060 1342 1096 1.
1373 1055 1485 1099 Flor.
1520 1074 1545 1098 a

73 1136 154 1161 sec.
185 1136 242 1161 m.
273 1121 324 1175 (a
353 1136 410 1174 pr.
446 1118 585 1174 iussit)
618 1119 710 1159 Par.
732 1125 773 1159 2.
835 1117 919 1160 Sed
947 1118 1040 1161 Par.
1069 1125 1106 1161 1.
1136 1137 1228 1160 usus
1257 1132 1326 1162 est.
1418 1123 1546 1165 Vati..

75 1190 145 1229 nii.
197 1187 337 1229 Turio.
370 1203 393 1228 a
420 1204 481 1243 pr.
509 1203 566 1227 m.
593 1189 734 1227 vatini.
852 1197 993 1227 certus.
1052 1186 1192 1229 Turio.
1221 1204 1245 1229 a
1263 1205 1325 1244 pr.
1345 1206 1402 1232 m.
1432 1190 1541 1234 Flor.

76 1258 232 1296 certius.
294 1254 436 1310 Camp.
468 1259 603 1296 certis.
719 1254 884 1299 Interim
906 1280 964 1287 ——
991 1255 1241 1310 allegoriam.
1303 1256 1445 1313 Camp.
1474 1259 1541 1302 Id.

76 1325 156 1379 inq.
187 1326 257 1364 int.
292 1340 346 1362 us·
365 1323 434 1381 fr.
462 1340 505 1378 p.
540 1322 612 1363 all.

188 1425 225 1477 §.
259 1429 327 1466 69.
385 1423 633 1478 allegoriam.
694 1423 822 1465 Amb.
849 1429 888 1465 1.
920 1424 1154 1478 allegorian.
1213 1424 1402 1470 Coelium.
1453 1426 1546 1469 Tu-

75 1496 147 1534 ric.
175 1493 285 1534 Flor.
320 1491 488 1533 callium.
606 1492 862 1547 objicientem.
913 1492 1055 1548 Camp.
1084 1494 1329 1536 obicientem.
1438 1495 1546 1536 dex-

75 1574 188 1602 tram.
240 1560 380 1614 Camp.
413 1559 638 1600 dexteram.
734 1560 1040 1602 Antonomasia.
1087 1560 1217 1604 Aan.
1243 1568 1281 1603 1.
1309 1562 1418 1603 Flor.
1448 1562 1543 1606 Par.

77 1636 117 1672 1.
148 1633 272 1670 etiam
301 1628 514 1683 emphasia.
566 1627 659 1669 Par.
696 1634 733 1669 1.
769 1634 809 1669 2.
846 1628 1035 1682 emphasi.
1095 1628 1212 1671 Sich.
1241 1631 1419 1686 emphasi
1447 1648 1543 1687 qua.

158 1697 302 1738 Julius.
351 1696 479 1738 Aan.
508 1702 542 1737 1.
573 1699 661 1737 Par.
694 1702 733 1737 1.
771 1695 919 1736 tullius.
976 1695 1086 1737 Flor.
1116 1697 1250 1740 villus.
1368 1700 1543 1741 Accium

74 1765 262 1807 Navium.
313 1763 443 1806 Amb.
474 1769 512 1817 1„
545 1767 770 1805 iniuccium.
831 1763 939 1804 Flor.
972 1764 1126 1806 inducti
1145 1768 1261 1808 cium.

186 1856 224 1907 ᾧ.
255 1860 324 1896 70.
387 1854 592 1909 σχήματα.
639 1854 830 1896 A1nb.1.
865 1868 1058 1908 σχιματα.
1158 1855 1356 1898 (licuntur.
1403 1857 1544 1900 Turio.

76 1924 126 1978 (a
147 1938 225 1963 sec.
249 1938 305 1962 m.
326 1923 490 1975 dicunt)
528 1922 637 1963 Flor.
669 1922 878 1963 ducuntur.
996 1927 1149 1978 recipit.
1194 1923 1321 1965 Amb.
1348 1932 1386 1966 1.
1419 1924 1546 1967 Goth.

76 2007 99 2031 a
125 2006 204 2031 sec.
234 2005 290 2030 m.
323 1989 465 2044 Camp.
499 1993 656 2044 recepit.
787 2007 929 2030 omnes.
990 1990 1118 2031 Amb.
1153 1996 1192 2032 1.
1234 1991 1373 2033 Turio.
1406 1992 1545 2035 Guelf.

11 2084 15 2090 ι
79 2057 201 2100 Goth.
232 2059 370 2098 omnis.
479 2068 515 2095 et
537 2060 673 2096 interr.
727 2055 865 2098 Guelf.
898 2056 1024 2098 Goth.
1047 2057 1168 2098 Voss.
1187 2065 1227 2100 2.
1257 2058 1400 2114 camp.
1423 2064 1548 2102 omit-

74 2136 168 2167 tunt
189 2136 237 2166 et.
327 2128 460 2166 miser.
493 2124 632 2181 quaed.
680 2124 749 2166 Sic
780 2129 903 2165 etiam
932 2124 1023 2167 Par.
1048 2130 1084 2167 1.
1102 2132 1144 2167 2.
1234 2139 1381 2183 aperte.
1422 2127 1548 2172 Amb.

28 2240 30 2242 v
79 2200 116 2237 1.
145 2193 257 2235 Flor.
292 2208 316 2233 a
350 2209 412 2248 pr.
441 2208 497 2233 m.
531 2195 653 2233 etiam
680 2204 833 2249 aparte.

28 2245 35 2324 L,
190 2288 227 2338 §.
258 2288 330 2325 71.
391 2283 576 2339 adjectio.
639 2282 750 2324 Jens.
793 2282 918 2324 Tarv.
959 2284 1141 2338 abjectio.
1273 2285 1548 2342 Carpathium.

31 2330 37 2467 ἕ
78 2351 203 2393 Amb.
227 2358 266 2393 1.
285 2351 397 2393 Flor.
419 2367 582 2407 quoque
605 2354 854 2407 campaiium.
943 2353 1091 2394 Titius.
1137 2351 1172 2393 F
1173 2356 1248 2394 lor.
1272 2357 1396 2394 etiam
1416 2357 1547 2397 citius.

35 2491 40 2559 ἶ

39 2566 40 2585 l

156 2420 274 2478 ficit.
323 2419 452 2461 Amb.
487 2425 525 2461 1.
543 2419 674 2477 facit.
779 2423 915 2460 interr.
951 2437 1022 2462 ex.
1071 2420 1210 2464 Turio.
1231 2437 1253 2464 a
1273 2437 1333 2477 pr.
1356 2437 1414 2465 m.
1434 2421 1549 2466 Flor.

80 2489 218 2529 insert.
250 2499 300 2530 et.
421 2488 675 2545 Carpathius.
733 2486 861 2529 Amb.
893 2493 932 2530 1.
963 2492 1182 2544 car-patin&

2 2631 5 2641 Ι
196 2579 234 2629 §.
268 2583 336 2621 72.
396 2579 680 2633 redarguendo.
729 2577 867 2619 Turio.
900 2581 940 2618 in
971 2580 1184 2634 arguendo.
1289 2580 1549 2639 dqfendendo.

40 2636 43 2707 Ἀ
83 2643 218 2686 Turio.
248 2661 271 2685 a
301 2662 361 2702 pr.
385 2662 443 2691 m.
472 2647 734 2708 ἅςῇτηᾶοιιιῖο.
853 2647 1034 2690 Manius.
1093 2647 1164 2690 Sic
1196 2650 1318 2691 etiam
1346 2649 1462 2692 Sich.

41 2710 43 2726 ι’
129 2725 229 2760 Tom.
258 2725 300 2760 V.
1042 2714 1082 2757 Y
