1695 2974
135 170 221 214 'vul

141 277 239 331 quid
267 275 474 330 reliquum
505 283 568 316 est
598 285 785 318 veterum
827 279 1060 318 editionum
1089 277 1273 320 libenter
1301 280 1344 320 in
1377 279 1485 321 hanc
1515 279 1588 321 sil-

144 369 237 396 vam
269 356 600 409 recepissemus,
650 357 686 396 si
717 358 900 411 reperire.
940 357 982 395 in
1016 355 1080 396 his
1111 357 1354 412 regionibus
1383 360 1591 412 potuisse-

141 447 248 474 mus.
335 432 523 488 Apparet
570 443 734 485 autem,
785 433 1102 489 Spaldingium,
1145 450 1226 490 quo
1258 438 1480 477 certiorem
1509 436 1592 477 sibi

143 513 340 552 editionis
381 525 484 552 suae
524 513 754 566 mutatique
798 511 963 552 consilii
995 515 1177 566 speciem
1208 514 1500 565 informasset,
1539 528 1591 554 eo

144 589 389 644 diligentius
428 599 619 631 veterum
659 589 865 630 librorum
903 592 1159 631 testimoniis
1198 606 1320 632 usum
1357 605 1476 643 esse,
1515 606 1593 632 nec

144 683 272 723 prope
302 667 431 709 finem
460 667 688 709 voluminis
711 669 893 708 ‘secundi
924 671 1117 709 omisisse
1157 671 1238 709 nisi
1270 678 1414 724 aperta
1441 671 1594 711 menda

146 755 187 786 et
225 747 370 786 inania
412 749 682 802 repetitorum
723 748 916 794 nomina3
968 749 1164 802 quocirca
1196 747 1302 787 illud
1332 746 1594 803 spicilegium

145 839 219 878 per
249 826 423 865 tertium
454 834 727 879 quartumque
770 823 990 876 volumen,
1042 827 1078 865 si
1107 825 1217 865 forte
1247 827 1488 866 etiamnunc
1519 825 1595 867 ali-

148 918 270 958 quem
302 904 482 944 fructum
513 904 665 943 afferre
694 904 850 957 possit,
888 903 1042 944 futuris
1072 903 1304 944 editoribus
1334 903 1596 959 reliquimus.

258 1061 344 1101 Sed
373 1063 481 1101 sicut
510 1061 553 1099 in
586 1059 664 1100 hac
696 1062 856 1115 negotii
884 1069 1002 1115 parte
1034 1060 1138 1101 nihil
1170 1062 1251 1102 nisi
1276 1063 1455 1117 vestigia
1478 1062 1598 1117 Spal-

152 1140 283 1193 ‹tingii
315 1139 571 1193 pressimus,
601 1146 641 1177 ot
671 1138 875 1193 religiosa
901 1139 1081 1194 quadam
1114 1139 1358 1194 diligentia,
1400 1141 1595 1193 quoniam

146 1216 275 1256 alieni
305 1218 444 1271 operis
475 1218 711 1257 successori
743 1231 825 1256 non
858 1217 969 1256 idem
991 1216 1104 1268 licet,
1137 1218 1245 1272 quod
1266 1219 1400 1272 primo
1420 1220 1596 1269 auctori,

146 1295 324 1336 fortasse
363 1297 489 1335 nimis
528 1294 726 1350 largiter,
778 1309 884 1349 quae
915 1297 1057 1336 nescio
1089 1310 1140 1336 an
1171 1298 1262 1351 ipse
1291 1310 1402 1336 nunc
1431 1310 1596 1350 quoque

147 1374 339 1412 omittere
370 1374 504 1413 satius
535 1381 748 1427 putasset,
789 1372 1056 1428 collegimus:
1103 1376 1162 1414 ita
1192 1374 1367 1415 dubium
1400 1388 1484 1414 non
1513 1383 1595 1425 est,

145 1452 245 1505 quin
293 1450 471 1491 alterum
523 1450 918 1505 Supplementorum
974 1467 1108 1508 genus
1163 1454 1378 1508 insperato
1439 1454 1594 1508 gaudio

145 1543 290 1569 omnes
320 1529 568 1571 affectatum
598 1531 676 1580 sit,
708 1531 779 1584 qui
809 1539 852 1570 et
880 1529 1143 1579 Quintiliano
1175 1540 1216 1570 ct
1246 1530 1398 1571 litteris
1427 1531 1593 1572 Latinis

149 1607 255 1648 bene
287 1609 480 1662 cupiant,
511 1607 641 1659 illud,
675 1607 786 1663 quod
815 1608 1006 1648 codicum
1036 1611 1415 1664 manuscriptorum
1446 1624 1594 1651 recens

147 1684 423 1736 collatorum,
477 1686 628 1741 quibus
668 1689 758 1741 ipse
790 1685 1060 1742 Spaldingius
1099 1686 1270 1743 longius
1297 1690 1467 1729 interim
1499 1704 1594 1744 pro-

148 1778 319 1819 gressus
348 1766 409 1805 uti
429 1780 513 1805 non
532 1767 683 1820 potuit,
715 1764 969 1806 lectionibus
991 1768 1200 1820 excerptis
1224 1768 1477 1808 continetur.
1510 1766 1595 1809 Tot

149 1844 262 1883 enim
301 1842 384 1884 loci
426 1845 635 1898 desperati
675 1845 974 1894 emendamur,
1024 1853 1086 1885 tot
1121 1845 1296 1886 vulnera
1328 1846 1594 1888 cicatricibus

149 1922 305 1961 dudum
335 1921 515 1962 obducta
542 1931 790 1977 reteguntur
820 1931 862 1962 et
891 1923 1018 1963 certis
1057 1923 1255 1963 remediis
1285 1932 1511 1975 sanantur,
1548 1934 1596 1966 ut

132 1998 309 2040 -nullam
349 1999 486 2041 adhuc
516 2014 697 2041 messem
729 2002 969 2042 uberiorem
999 2002 1042 2041 in
1079 1999 1345 2049 Quintiliano
1370 2002 1594 2044 obvenisse

150 2078 403 2119 existimem.
490 2079 691 2120 Laetatus
738 2088 829 2119 erat
871 2078 1143 2134 Spaldingius
1186 2088 1352 2136 reperta
1390 2079 1595 2136 Campani

150 2156 359 2207 editione,
401 2171 483 2212 qua
521 2158 707 2198 nondum
740 2160 780 2198 ei
809 2160 851 2198 in
892 2160 1025 2213 primo
1057 2156 1271 2198 volumine
1302 2161 1363 2200 uti
1393 2161 1594 2215 contigit3

150 2232 329 2275 laetatus
359 2245 449 2276 erat
489 2235 629 2276 oblata
661 2237 815 2277 codicis
846 2235 1092 2277 Turicensis
1119 2235 1308 2292 pleniore
1343 2237 1592 2289 collatione,

153 2313 274 2364 cujus
315 2315 567 2355 variantium
602 2313 831 2355 lectionum
876 2329 950 2369 per
977 2314 1131 2355 librum
1163 2316 1341 2369 primum
1374 2325 1416 2356 et
1446 2322 1594 2357 secun-

153 2390 253 2430 dum
293 2406 376 2431 non
418 2391 588 2444 habuit,
641 2395 722 2434 nisi
753 2395 953 2448 exiguum
983 2394 1206 2434 admodum
1246 2396 1477 2448 specimen:
1518 2395 1592 2435 sed

155 2468 387 2510 exultasset
407 2471 592 2524 profecto
613 2473 782 2527 gaudio,
816 2474 852 2513 si
874 2486 968 2512 cum
988 2472 1143 2512 frustra
1167 2475 1374 2527 corruptis
1397 2487 1443 2513 se
1465 2471 1592 2513 Guel-

154 2546 362 2599 sex-huam
391 2557 429 2588 et
463 2549 646 2590 Gothani
678 2552 835 2591 codicis
865 2552 1080 2605 scripturis
1109 2558 1385 2600 macerasset,
1415 2551 1459 2590 in
1490 2559 1593 2590 tent-

155 2639 254 2678 pore
274 2625 561 2667 Florentinum
592 2627 746 2669 librum
776 2638 816 2668 et
846 2630 1251 2683 praestantissimum
1281 2628 1592 2669 omniumAm-
