1721 2974
174 133 227 167 96
614 127 885 183 Supplcmcnta
923 130 1184 169 annotationis

287 241 325 291 §.
357 242 396 281 4.
457 239 603 281 Vct-um
637 245 690 282 in.
754 240 901 280 Verum
930 239 972 279 icl
999 243 1040 279 in
1070 238 1191 281 Amb.
1216 246 1252 281 1.
1285 257 1308 282 a
1329 257 1405 283 sec.
1432 259 1510 297 m.;
1543 247 1614 286 sed

173 307 202 346 cl
229 316 287 347 est
315 323 337 346 a
356 323 415 361 pr.
437 323 488 346 m.
518 312 764 361 profectum,
817 312 856 347 (ἔτ
887 310 900 345 i
936 311 980 346 in
1009 311 1097 348 loco
1128 312 1282 349 litterae
1315 313 1474 351 abrasae
1504 318 1614 366 posi-

170 384 272 415 tum.
388 392 460 415 non
501 380 571 416 sic.
641 393 716 415 non
740 378 798 430 fit
835 384 991 427 praeter
1031 386 1270 417 memoratos
1312 377 1464 417 habent
1504 379 1611 420 Flor.

169 442 296 483 Amb.
322 448 357 483 1.
379 449 417 483 2.
449 443 570 483 Paris.
594 449 630 483 1.
656 449 694 483 2.
718 448 755 482 5.
790 440 928 495 Calnp.
989 458 1064 481 non
1082 446 1141 482 sic
1170 448 1321 497 primus
1338 445 1448 484 dedit
1480 444 1612 487 Colin-

254 509 317 548 Nc
343 528 462 564 pugn.
521 511 608 551 Hoc
641 509 819 548 defendit
846 510 968 548 Amb.
993 513 1054 560 1.;
1093 514 1215 550 ceteri
1241 514 1423 551 silentur.
1521 512 1614 566 plu-

170 580 294 617 rimis.
353 577 483 616 multis
510 578 618 618 Jens.
648 576 768 616 Tarv.
789 573 892 615 Loc.
913 574 1022 616 Ven.
1040 607 1050 627 ‚
1092 578 1232 630 codex,
1259 588 1455 633 quantum
1479 580 1612 628 video,

167 647 318 684 nullus.
433 647 469 683 si
499 645 682 698 physicos
720 641 925 697 (physicos
963 641 1086 684 Paris.
1121 650 1158 684 1.
1189 651 1228 685 2.
1256 652 1294 686 5.
1310 643 1337 699 J
1397 656 1455 697 et,
1503 646 1614 700 quod

168 715 320 751 multae
349 712 438 750 edd.
470 715 671 762 inserunt,
712 725 792 750 om.
821 712 942 748 etiam
973 709 1108 751 Turio.
1132 711 1240 752 Flor.
1260 710 1386 752 Amb.
1405 718 1444 752 2.
1469 711 1610 766 Camp.

166 778 271 819 Obr.
326 777 579 832 philosophos
603 778 754 817 habent
777 779 898 815 etiam
916 776 1023 818 Flor.
1045 776 1171 818 Amb.
1195 785 1235 819 2.
1259 777 1383 819 Paris.
1406 780 1446 819 4.
1469 777 1610 832 Camp.

165 845 300 886 Andr.
333 845 453 885 ΤΗΝ.
484 848 590 885 Ven.
619 843 720 884 Ald.
753 843 881 896 Obr.;
931 843 1060 885 Amb.
1094 850 1130 884 1.
1161 848 1241 885 ita:
1281 862 1318 885 η.
1351 861 1386 886 c.
1418 856 1454 884 et
1480 845 1614 901 philo-

165 913 329 966 sophos,
378 913 482 951 illud
511 927 604 952 cum
633 911 744 952 Sich.
776 909 905 951 Stoer.
939 910 1109 952 Chouet.
1170 911 1401 966 [Equidem
1429 911 1614 952 Ambro-

164 982 267 1020 siani
303 981 445 1031 optimi
481 982 719 1032 scripturam
746 980 832 1018 sine
861 979 983 1017 dubio
1015 982 1289 1032 probaverim,
1336 995 1433 1019 nam
1460 981 1612 1033 duplex

162 1050 239 1086 ista
275 1044 441 1099 protasis
477 1049 765 1099 partIcularum
797 1048 834 1084 si
864 1054 903 1085 et
934 1062 1040 1094 cnm,
1089 1048 1320 1100 praesertim
1347 1056 1507 1100 propter
1537 1048 1611 1086 ad-

163 1115 293 1154 ditum
343 1112 505 1167 denique
553 1116 768 1153 molestum
811 1115 966 1168 aliquid
1006 1115 1145 1162 habet,
1173 1114 1308 1168 -quod
1345 1117 1500 1153 tollitur
1539 1116 1611 1152 ubi

160 1185 335 1235 priorem
383 1183 707 1221 enuntiationem
756 1189 966 1236 tamquam
1015 1183 1293 1235 probationem
1332 1184 1610 1234 exemplorum

157 1250 390 1302 praegressis
431 1248 682 1300 adjunxeris,
733 1257 773 1288 et
814 1263 965 1288 novam
993 1253 1236 1289 sententiam
1266 1264 1288 1289 a
1317 1263 1415 1288 voce
1446 1248 1611 1302 (lenique

158 1315 412 1366 institueris]
529 1316 590 1354 his
609 1316 838 1355 nominibus.
900 1331 1001 1356 nom.
1025 1316 1086 1355 his
1115 1315 1253 1356 Turio.
1283 1314 1390 1355 Flor.
1420 1314 1546 1356 Amb.
1568 1319 1607 1355 1.

161 1381 293 1423 Guelf.
332 1381 455 1422 Goth.
500 1381 639 1435 Camp.
680 1380 781 1422 Ald.
815 1380 970 1436 Gryph.

271 1451 309 1500 §.
343 1453 381 1490 5.
441 1450 515 1500 sic,
537 1459 592 1489 ut.
641 1459 683 1487 ut
703 1464 778 1488 om.
799 1445 906 1489 Flor.
927 1449 1093 1489 Voss.1.
1153 1448 1253 1488 sicut
1271 1447 1408 1489 Turio.
1428 1448 1546 1489 Voss.
1567 1453 1606 1489 3.

245 1516 450 1556 dividetur.
502 1516 698 1555 dividitur
715 1515 842 1557 Aan.
867 1522 903 1556 1.
1018 1517 1104 1555 Ars
1121 1518 1206 1555 erit.
1244 1515 1300 1555 A.
1325 1527 1380 1554 est
1406 1514 1547 1569 Camp.

153 1588 325 1639 percipi.
384 1585 563 1637 praecipi
583 1583 691 1623 Jens.
717 1583 838 1623 Tarv.
859 1582 960 1623 Ald.
1049 1600 1095 1622 ea
1115 1593 1184 1622 esi.
1235 1592 1271 1620 et
1290 1599 1335 1620 ea
1356 1593 1410 1621 est
1427 1585 1549 1623 Amb.
1565 1589 1602 1623 1.

239 1653 424 1706 percepit.
456 1650 523 1690 Sic
535 1649 656 1690 Amb.
671 1657 709 1690 2.
731 1650 905 1691 Paris.4.
929 1655 967 1691 5.
990 1653 1118 1691 Stoer.
1162 1651 1336 1704 percipit
1355 1648 1445 1689 Par.
1460 1655 1548 1690 1.2.
1565 1655 1604 1690 3.

239 1719 370 1759 dadae.
430 1716 516 1757 decl.
550 1716 673 1759 Goth.
700 1715 834 1758 Guelf.
858 1717 975 1758 Voss.
1004 1722 1042 1757 1.
1066 1723 1105 1758 3.
1129 1731 1222 1757 cum
1241 1715 1348 1756 Jens.
1370 1714 1470 1757 Loc.
1491 1716 1602 1758 Ven.

708 1838 740 1880 C
772 1853 801 1879 Α
832 1855 869 1880 Ρ.
938 1838 1050 1878 XV.

268 1922 303 1974 §.
341 1925 378 1960 1.
445 1918 563 1960 Circa
591 1918 675 1957 hoc.
741 1917 859 1957 Circa
892 1917 987 1956 hacc
1018 1915 1137 1957 Goth.
1168 1932 1260 1957 cum
1288 1916 1397 1957 Jens.
1431 1926 1470 1956 et
1499 1927 1601 1970 post.

153 1998 245 2030 ante
288 1987 443 2036 Colin.,
485 2002 571 2026 exc.
614 1984 710 2025 Ald.
848 1998 896 2025 oc
932 2000 1066 2039 praec.
1137 1995 1252 2039 atque
1287 2000 1422 2039 praec.
1463 1983 1600 2025 Turic.

151 2056 276 2097 Amb.
303 2061 341 2096 1.
377 2054 517 2107 Camp.
793 2080 811 2102 ο

265 2125 303 2173 §.
336 2129 374 2163 2.
435 2122 660 2175 clijunctam.
719 2117 781 2160 Ita
811 2119 924 2159 haud
954 2120 1073 2159 dubie
1111 2117 1250 2158 Turio.
1282 2127 1322 2157 et
1350 2117 1480 2168 Flor.‚
1530 2121 1600 2173 qui

150 2194 341 2242 silentur3
397 2189 520 2229 habet
570 2192 679 2227 enim
726 2187 844 2227 Alm.
913 2185 1029 2226 Idem
1074 2186 1237 2226 Postier.
1277 2187 1397 2225 tradit
1434 2200 1515 2224 esse
1553 2189 1599 2224 iu

149 2257 272 2297 Paris.
303 2264 343 2298 2.
378 2262 416 2297 3.
477 2257 711 2309 disjunctam
743 2253 865 2294 Amb.
905 2260 942 2294 1.
985 2253 1125 2308 Camp.
1159 2253 1268 2293 Jens.
1301 2260 1341 2290 et
1367 2260 1469 2303 post.
1503 2260 1597 2291 ante

149 2323 259 2364 Sich.
318 2327 385 2377 sej.
416 2323 539 2364 Paris.
562 2329 599 2362 1.
634 2322 746 2362 Sich.
779 2320 848 2361 Gr.
881 2330 919 2360 et
946 2323 1027 2359 alii.

265 2393 301 2441 §.
336 2398 373 2431 3.
432 2395 476 2429 in
507 2389 683 2429 dicendo.
743 2391 785 2427 in
822 2388 909 2427 doc.
950 2386 1089 2426 Turio.
1119 2383 1236 2424 Alm.
1267 2382 1374 2422 Flor.
1405 2381 1527 2423 Amb.
1555 2390 1595 2424 2.

148 2457 266 2497 Voss.
288 2464 324 2497 1.
347 2463 383 2497 3.
418 2457 560 2511 Camp.
591 2456 701 2498 Jens.
734 2466 772 2495 et
798 2465 898 2509 post.
931 2463 1023 2494 ante
1052 2452 1177 2501 Ald.‚
1217 2453 1333 2490 solito
1364 2465 1507 2490 errore.

149 2527 337 2578 opposite.
397 2535 528 2579 aperte
559 2528 680 2564 etiam
708 2522 834 2563 Amb.
858 2529 898 2564 2.
931 2521 1053 2562 Paris.
1077 2524 1114 2559 1.
1137 2523 1175 2558 3.
1198 2517 1307 2559 Ven.
1369 2527 1458 2571 apte
1477 2531 1597 2570 prae-

146 2601 207 2630 ter
245 2601 482 2632 memoratos
521 2591 627 2633 Flor.
664 2591 790 2632 Paris.
818 2597 858 2632 2.
905 2588 1045 2642 Camp.
1086 2583 1186 2626 Loc.
1228 2582 1331 2627 Bad.
1365 2583 1467 2626 Obr.
1500 2585 1592 2625 fort.
