1757 2979
226 168 305 207 424
671 170 942 226 Supplemcnta
981 174 1241 212 annotationis

339 279 375 328 §.
406 283 447 320 8.
503 297 576 322 uno
601 298 686 335 gen.
738 282 805 323 Sic
837 281 924 324 Par.
960 287 997 323 1.
1027 289 1067 325 2.
1105 287 1172 335 6.,
1214 283 1282 323 sed
1308 280 1398 324 Par.
1429 289 1467 325 2,
1496 300 1572 327 sec.
1593 299 1649 326 m.

227 346 343 384 inser.
364 355 523 388 tantum.
605 352 720 388 viam.
753 348 880 389 Nunc.
899 395 904 400 ¹
929 349 1018 390 Par.
1039 356 1078 391 2.
1113 353 1229 391 inser.
1252 353 1292 391 in
1314 349 1485 392 dicendo.

338 425 374 476 §.
406 429 446 466 9.
504 425 605 465 aliae
623 436 704 480 atq.
724 425 837 468 aliae.
880 426 1003 467 Amb.
1028 433 1066 469 2.
1089 427 1171 468 alia
1191 427 1378 482 aliaeque.

338 503 375 554 §.
408 508 472 543 10.
527 506 666 557 parari
683 523 738 535 -ι-
759 520 828 544 ex.
873 504 997 544 Amb.
1022 512 1060 547 2.
1087 521 1231 560 parare
1251 529 1306 538 --
1327 516 1361 544 et
1386 529 1442 538 —-
1470 522 1650 564 quaeque.

312 567 418 608 Nam
445 573 498 608 in.
541 569 630 611 Par.
652 576 687 610 1.
711 577 751 612 2.
775 577 812 612 6.
834 587 913 612 om.
937 574 999 624 in,
1040 575 1138 611 item
1164 571 1287 612 Amb.
1316 579 1353 614 2.

339 648 375 697 §.
410 651 472 685 11.
530 649 698 688 virtutis.
744 648 812 690 Sic
832 648 921 691 Par.
949 655 989 690 2.
1020 665 1094 690 sec.
1114 665 1168 690 m.
1219 653 1402 690 virtutum
1432 649 1522 691 Par.
1554 655 1593 691 1.
1618 655 1652 691 6.

227 709 348 750 Amb.
369 717 406 751 2.
485 713 632 762 θέσεις.
670 713 761 756 Par.
787 721 822 757 1.
843 722 884 758 2.
906 722 941 758 6.
962 717 1094 757 thesis.

341 790 376 838 §.
411 793 475 829 12.
533 790 579 844 de
599 806 652 829 re.
689 791 780 833 Par.
800 799 839 834 2.
860 794 907 833 de
927 811 1003 835 reo.
1078 805 1263 848 ‘par-atus.
1301 794 1426 835 Amb.
1449 800 1489 836 2.
1509 794 1599 835 Par.
1615 800 1651 835 1.

229 859 269 894 2.
292 858 327 894 6.
338 865 496 907 gratus.

338 934 372 983 §.
406 938 470 974 13.
532 936 764 975 recitaverit.
800 933 924 975 Amb.
945 941 982 976 2.
1006 937 1194 976 recitavit.
1276 937 1360 990 jud.
1382 953 1442 979 an,
1479 937 1547 979 Sic
1563 937 1653 981 Par.

228 1003 268 1038 2.
290 1013 363 1038 sec.
383 1015 438 1040 m.
452 1032 462 1051 ‚
501 1002 571 1041 sed
590 1004 736 1042 omittit
753 1019 803 1041 an
823 1001 950 1042 Amb.
972 1007 1013 1042 2.

339 1078 375 1127 §.
405 1082 470 1118 17.
530 1079 703 1135 difficile.
739 1080 866 1121 Aan.
886 1087 925 1121 2.
948 1080 1038 1121 Par.
1061 1084 1098 1120 1.
1112 1085 1151 1120 2.
1168 1084 1206 1120 6.
1228 1079 1416 1136 difficilis.
1501 1081 1656 1135 digres-

225 1157 300 1183 sos.
339 1143 465 1185 Amb.
487 1151 528 1188 2.
559 1146 649 1187 Par.
675 1152 711 1188 1.
734 1153 772 1188 2.
795 1153 832 1188 6.
855 1147 1058 1201 digressus.
1117 1147 1228 1199 [Hoc
1247 1149 1409 1202 quidem
1426 1150 1504 1199 jam
1531 1159 1653 1202 patet,

224 1212 476 1251 scribendum
506 1228 586 1253 esse
618 1222 660 1252 ut
697 1214 873 1270 difficilis
906 1216 953 1254 ab
982 1215 1042 1253 his
1073 1213 1267 1266 digressus
1295 1217 1369 1266 sit,
1421 1215 1491 1254 sed
1521 1224 1656 1260 utrum

225 1286 428 1329 praeterea
459 1295 551 1320 cum
577 1279 812 1321 Frotschero
842 1283 1000 1333 adjicias
1021 1298 1079 1330 se,
1120 1281 1340 1320 secundum
1356 1284 1473 1320 illum
1492 1283 1656 1336 quidem

224 1344 330 1382 inter
346 1346 523 1386 inanibus
543 1356 582 1386 et
603 1348 846 1399 simulacris,
887 1364 958 1398 an,
996 1349 1104 1403 quod
1127 1363 1197 1400 ego
1217 1350 1446 1398 maluerim,
1485 1352 1655 1403 corrigas

225 1423 442 1452 assuescere
458 1429 530 1466 pro
551 1414 813 1471 assuefacere,
843 1418 925 1469 ipse
949 1416 1151 1466 dijudices.
1208 1413 1496 1454 Emendatione
1515 1420 1655 1471 utique

224 1489 322 1529 opus
353 1487 433 1530 est,
469 1495 586 1534 nam,
626 1492 671 1522 ut
704 1498 813 1522 nunc
840 1486 959 1536 vulgo
990 1485 1160 1536 leg-itur,
1199 1482 1390 1534 impedita
1413 1485 1536 1521 oratio
1560 1484 1656 1522 ferri

222 1545 403 1598 nequit.]
474 1552 752 1589 consenuerint.
793 1549 882 1589 Par.
905 1554 942 1591 5.
965 1548 1089 1593 Anah,
1113 1554 1153 1589 2.
1175 1559 1460 1589 consenuerunt.
1498 1549 1589 1590 Par.
1611 1555 1653 1591 2.

225 1624 508 1653 consueverunt.

330 1680 366 1730 §.
405 1684 469 1720 19.
524 1680 652 1720 velint.
688 1680 755 1722 Sic
784 1681 871 1722 Par.
901 1687 938 1722 2.
974 1697 1050 1722 sec.
1073 1698 1128 1722 m.
1196 1681 1298 1721 velut
1323 1681 1414 1722 Par.
1440 1687 1475 1722 1.
1498 1687 1535 1722 6.
1593 1682 1657 1723 vel

223 1745 264 1781 in
294 1743 419 1785 Amb.
444 1752 486 1787 2.

332 1815 369 1865 §.
399 1818 467 1854 20.
524 1813 761 1855 decretoriis.
802 1813 868 1855 Sic
898 1814 987 1856 Par.
1016 1822 1055 1856 2.
1086 1831 1161 1855 sec.
1184 1829 1240 1855 m.
1289 1814 1337 1853 de
1355 1815 1534 1854 rhetoriis
1558 1813 1650 1855 Par.

226 1880 264 1916 1.
286 1882 323 1917 6.
381 1880 606 1920 derectoriis
624 1881 749 1921 Amb.
772 1887 812 1922 2.
900 1881 1059 1922 Cestius.
1098 1881 1165 1921 Sic
1184 1881 1309 1921 Amb.
1331 1887 1386 1932 2.,
1414 1882 1485 1921 sed
1501 1881 1592 1922 Par.
1617 1886 1654 1922 1.

223 1947 263 1982 2.
294 1949 457 1987 sextius.
495 1946 584 1987 Par.
611 1952 646 1988 6.
678 1951 821 1987 tertius.
1248 1944 1249 1947 Ἴ

336 2014 371 2062 §.
403 2019 469 2053 21.
525 2024 606 2054 azot.
629 2015 732 2054 idon.
771 2014 860 2055 Par.
875 2018 911 2054 1.
926 2020 964 2055 2.
979 2019 1012 2054 6.
1032 2014 1157 2055 Amb.
1173 2022 1210 2056 2.
1232 2019 1350 2055 inser.
1371 2017 1418 2054 si.
1466 2012 1517 2066 [et
1534 2028 1651 2055 max.

209 2075 465 2132 favorabilia
483 2082 607 2121 edidit
626 2081 835 2122 Pottierius
846 2111 858 2130 ,
887 2091 933 2121 ut
950 2085 1084 2135 vulgo,
1114 2098 1188 2123 nec
1211 2085 1406 2122 varietatis
1425 2074 1652 2136 'quicqilam

224 2145 378 2195 adjecit.
436 2146 580 2188 Utrum
606 2151 661 2189 sic
689 2164 741 2188 an
770 2159 837 2188 aut
863 2152 1026 2198 scrIbas,
1065 2165 1207 2203 parum
1231 2153 1412 2201 interest3
1449 2149 1519 2187 sed
1539 2148 1649 2203 quod

223 2209 478 2267 Spaldingius
501 2216 609 2255 dedit
627 2226 690 2267 ut,
726 2219 944 2256 sententiae
964 2217 1201 2256 adversatur.
1260 2216 1396 2271 Neque
1419 2219 1526 2254 enim
1549 2229 1650 2269 quae

221 2288 316 2319 sunt
332 2282 535 2333 facillima,
563 2283 700 2322 eadem
719 2286 894 2323 maxime
915 2285 1090 2324 favorem
1108 2283 1315 2340 excitant]
1374 2282 1458 2323 loco
1478 2281 1648 2338 -fireu

225 2343 292 2385 Sic
312 2350 431 2386 etiam
450 2348 575 2389 Amb.
595 2354 635 2390 2.

333 2416 368 2466 §.
401 2421 467 2456 22.
524 2419 709 2457 materias
735 2417 857 2457 divid.
901 2417 970 2458 Sic
1001 2417 1090 2459 Par.
1111 2423 1151 2458 2.
1173 2422 1236 2469 6.‚
1274 2418 1342 2458 sed
1360 2415 1444 2457 Par.
1471 2421 1508 2456 1.
1528 2418 1646 2456 inser.

224 2480 311 2519 sibi.

337 2547 372 2595 §-
402 2553 468 2589 23.
534 2550 621 2590 Una
640 2553 750 2591 enim.
789 2549 856 2591 Sic
875 2551 963 2591 Par.
984 2557 1021 2590 2.
1045 2566 1123 2591 sec.
1144 2565 1223 2601 m.‚
1271 2550 1339 2589 sed
1365 2548 1455 2590 Par.
1483 2555 1519 2589 1.
1544 2553 1581 2590 6.
1608 2558 1648 2589 et

227 2609 349 2650 Amb.
370 2618 408 2652 2.
431 2630 506 2655 om.
590 2616 762 2672 quidque.
800 2617 866 2658 Sic
886 2618 974 2659 Par.
997 2624 1034 2658 2.
1060 2624 1096 2658 6.
1151 2616 1356 2671 quidquam
1372 2615 1460 2657 Par.
1486 2616 1525 2658 1.
1589 2626 1592 2630 ’
