1721 2974
372 146 425 187 acl
455 143 625 199 Quintil.
658 143 790 184 Iussit.
816 141 872 196 V,
894 148 958 184 10.
990 143 1023 196 §.
1049 145 1246 185 35—47.
1451 155 1534 192 257

75 281 93 302 ε
200 261 237 313 §.
275 264 342 302 40.
401 262 621 300 materiam.
693 256 832 311 Camp.
876 257 1056 298 maten'a.
1187 255 1307 298 locas.
1368 259 1532 304 Omittit

86 327 221 371 Guelf.
336 330 435 368 enim
464 339 500 367 ct
528 329 603 380 leg.
659 325 770 366 Flor.
802 323 942 378 Camp.
973 326 1109 364 etenim
1138 323 1214 377 leg.

198 399 232 450 §.
265 398 335 437 41.
392 394 510 435 valet.
561 391 698 435 Guelf.
731 392 870 446 Camp.
899 391 1043 433 valent.
1130 390 1234 447 quod
1264 391 1376 435 Clod.
1420 396 1527 439 Flor,

83 481 157 519 quo
191 464 250 505 Cl.
363 465 567 517 majorum.
626 459 751 500 Amb.
778 466 819 501 2.
851 463 992 514 major.

198 533 234 584 §.
266 532 336 572 42.
392 533 506 569 sicut.
556 526 678 568 Amb.
702 533 739 568 1.
771 542 929 582 quoque
962 528 1123 568 omittit.
1224 530 1346 582 cujus,
1393 530 1531 574 Turio,

86 603 244 643 omittit.
359 608 401 636 ut
426 596 506 636 alio
538 595 639 636 loco.
698 594 824 635 Amb.
854 601 891 635 1.
924 606 963 633 ut
993 598 1034 634 in
1063 611 1106 635 eo
1137 593 1165 635 l.
1217 595 1332 636 -Flor,
1363 613 1442 639 om.
1476 612 1532 643 ut.

172 665 336 721 duplex.
398 662 534 705 Guelf.
564 660 686 705 Amb.
710 669 749 703 2.
781 661 905 703 Bern.
936 662 1124 718 simplex.
1238 680 1350 706 nunc.
1408 665 1530 710 Amb,

87 740 126 775 1.
157 749 274 775 asec.
297 747 353 772 m.
385 742 488 771 tunc.
549 728 671 771 Goth.
705 729 844 782 Camp.
877 747 980 771 nam.
1098 730 1192 771 olim
1222 731 1306 772 sub.
1362 732 1470 775 Jens.
1494 747 1534 777 et

85 803 176 841 edd.
206 810 299 840 ante
329 799 486 850 Stoer.‚
528 813 616 838 exc.
648 796 786 848 Sich.‚
827 800 966 838 inserr.
999 808 1102 838 tunc.
1217 797 1350 840 Ilium.
1405 801 1533 844 Amb.

88 874 124 910 1.
149 875 188 910 2.
219 867 326 908 Flor.
359 882 517 921 quoque
550 865 675 906 illum.
761 876 976 920 pugnatum
1006 876 1087 917 θεῖ,-
1126 865 1300 921 denique.
1343 867 1469 910 Amb.
1494 877 1532 912 1.

81 952 254 991 pugnam
282 946 336 974 est
369 937 485 973 eiiam
515 934 689 988 denique.
805 932 980 973 discr-im.
1011 958 1067 964 -
1094 937 1134 973 in
1160 945 1258 989 pest.
1300 934 1370 976 Sic
1394 936 1536 992 Camp.

84 1006 235 1044 omissis
265 1005 495 1053 interjectis.
598 1001 794 1058 fortuita.
855 999 992 1040 Turio.
1013 1000 1201 1058 fortuna.

195 1074 231 1124 §.
263 1071 332 1112 43.
394 1068 576 1124 speciale.
633 1067 772 1108 Turio.
812 1083 835 1107 a
864 1083 924 1120 pr.
956 1083 1013 1108 m.
1055 1068 1232 1123 speciaZi.
1345 1082 1534 1127 tempora.

0 1131 2 1200 ἓ
82 1138 218 1185 Etiam
247 1137 373 1178 Amb.
395 1144 433 1179 1.
457 1144 495 1178 2.
527 1137 636 1177 Flor.
667 1135 758 1176 Par.
790 1141 829 1176 1.
861 1141 900 1175 2.
936 1139 973 1176 5.
1001 1136 1080 1177 hoc
1111 1137 1222 1178 dant.
1334 1152 1536 1183 vocarent.

0 1201 3 1216 ⁵
85 1205 225 1260 Cmnp.
255 1216 503 1245 vocarentur.
620 1215 694 1243 rai.
727 1214 763 1241 et
793 1206 847 1244 in.
904 1201 1031 1244 Amb.
1064 1209 1102 1245 1.
1136 1216 1211 1246 rat.
1245 1208 1361 1245 ctiam
1393 1211 1446 1249 in.

81 1291 231 1328 genere.
293 1271 427 1314 Guelf.
456 1271 582 1312 Amb.
607 1278 647 1312 2.
680 1270 800 1312 Voss.
826 1277 863 1311 1.
895 1275 1101 1313 ominum.
1195 1273 1264 1312 secl
1292 1277 1346 1315 in.
1400 1274 1534 1318 Guelf,

85 1341 224 1395 Camp.
253 1343 391 1382 inserr.
423 1352 471 1380 ct.

198 1412 235 1460 §.
265 1410 333 1449 44.
393 1419 474 1449 aut.
534 1410 670 1448 Etiam
708 1405 832 1446 Amb.
871 1411 906 1452 1.
946 1405 1036 1446 Par.
1070 1411 1107 1447 1.
1133 1414 1173 1448 2.
1199 1413 1238 1449 3.
1271 1425 1335 1450 an.
1450 1427 1537 1452 cum

85 1480 240 1518 omnino
270 1488 397 1518 natus,
456 1476 564 1516 Flor.
598 1490 758 1530 quoque
791 1491 877 1514 cum
907 1473 1036 1513 adhuc
1065 1485 1194 1514 tactus
1224 1492 1260 1516 ο.

197 1548 232 1596 §.
270 1545 338 1585 45.
394 1543 542 1602 facilc.
600 1542 728 1584 Amb.
766 1548 803 1582 1.
839 1542 977 1599 facti,
1032 1543 1102 1581 sed
1141 1546 1250 1596 prius
1290 1547 1452 1586 fortasse
1490 1558 1536 1589 ut

85 1614 148 1654 ed.
237 1629 290 1652 ex
322 1615 380 1651 iis.
427 1611 552 1651 Aan.
578 1616 614 1650 1.
635 1615 675 1651 2.
710 1608 846 1650 Guelf.
882 1607 1004 1649 Goth.
1041 1608 1180 1664 Camp.
1223 1610 1334 1654 Sieh.
1375 1630 1429 1654 ex
1459 1616 1535 1657 his.

156 1680 296 1738 facia.
358 1678 493 1720 Guelf.
525 1689 630 1718 acta.
748 1688 814 1717 aut
844 1679 966 1731 inseq.
1016 1676 1142 1717 Aan.
1169 1683 1207 1718 1.
1239 1694 1261 1718 a
1280 1695 1357 1720 sec.
1381 1697 1436 1722 ln.
1466 1687 1536 1723 in-

83 1764 158 1790 ser.
192 1764 259 1788 ex.
378 1747 587 1787 ducuntur:
643 1744 712 1787 Sic
746 1748 867 1785 etiam
892 1744 1027 1795 Jens.,
1076 1761 1161 1785 non
1189 1755 1235 1787 ut
1265 1746 1385 1789 Gesu.
1416 1754 1539 1794 refert

87 1816 291 1855 ducantur.
352 1814 489 1855 Turio.
523 1814 719 1853 dicuntur.
836 1829 888 1853 es.
945 1811 1056 1852 Flor.
1088 1828 1247 1868 quoque
1278 1826 1346 1855 cst.

198 1884 234 1933 §.
266 1883 332 1921 46.
391 1881 568 1921 subtilius
597 1880 771 1935 quidam.
831 1879 956 1920 Aan.
982 1884 1018 1920 1.
1048 1881 1202 1921 subtilis
1233 1883 1436 1936 quaedam,
1465 1888 1537 1927 sed

88 1964 108 1988 a
127 1964 204 1989 sec.
229 1963 284 1988 m.
317 1949 488 2003 quidam.
581 1959 679 1988 crat.
738 1946 864 1988 Amb.
892 1952 930 1987 1.
961 1950 1054 1999 erit,
1097 1964 1191 1987 cum
1221 1949 1329 1991 Flor.
1359 1967 1458 2005 apr.
1477 1949 1537 1995 fn.

172 2016 397 2055 diviserunt.
444 2013 566 2058 Amb.
602 2022 639 2055 1.
679 2014 789 2055 Flor.
821 2030 844 2053 a
870 2030 930 2067 pr.
962 2030 1017 2054 m.
1050 2018 1256 2057 omittunt.
1369 2029 1411 2057 ut
1440 2032 1537 2060 esset

79 2087 215 2139 juncti.
273 2082 400 2123 Amb.
431 2088 468 2122 1.
501 2099 580 2121 csse
607 2093 646 2121 ut
668 2085 839 2136 junctus.
899 2081 1036 2122 Turio.
1070 2097 1092 2121 a
1118 2098 1176 2135 pr.
1200 2099 1255 2123 m.
1287 2084 1395 2127 Elor.
1428 2102 1449 2126 a
1470 2103 1531 2142 pr.

84 2167 139 2191 m.
173 2149 308 2192 Guelf.
338 2149 450 2191 Ahn.
486 2150 604 2190 Voss.
631 2155 668 2190 1.
700 2161 739 2187 ut
760 2160 853 2188 esset
866 2152 1026 2203 junctis.
1084 2148 1222 2190 Turio.
1258 2151 1388 2204 Flor„
1420 2164 1535 2195 uter-a

85 2235 162 2274 que
198 2234 221 2258 a
248 2234 324 2258 sec.
360 2233 416 2258 m.
449 2216 587 2271 Camp.
624 2228 691 2256 aut
720 2233 775 2256 cx
809 2219 1036 2270 conjunctis,
1096 2216 1219 2258 Bern.
1253 2231 1291 2258 u!
1321 2232 1415 2259 essct
1444 2225 1533 2262 vin-

87 2290 173 2328 ctis.
232 2285 354 2326 Tarv.
384 2296 425 2325 ut
456 2295 551 2324 esset
581 2301 635 2324 esc
666 2287 894 2338 conjunctis.
1009 2283 1183 2324 sublatus
1212 2297 1276 2325 cst.
1334 2287 1460 2329 Amb.
1492 2295 1532 2332 1.

85 2355 184 2395 subl.
215 2371 277 2395 ac.
393 2353 632 2407 Insequeniis
662 2363 749 2391 sunt
778 2351 862 2391 illa.
923 2350 990 2392 Sic
1012 2355 1132 2391 etiam
1161 2351 1285 2392 Amb.
1311 2359 1347 2394 1.
1377 2354 1465 2395 Par.
1492 2362 1532 2400 1.

86 2428 127 2464 2.
153 2427 191 2464 5.
229 2419 306 2462 ‘At
334 2421 443 2461 Flor.
475 2432 509 2459 et
540 2424 659 2475 inscq.
692 2438 723 2461 s.
754 2423 782 2460 i.
898 2418 1055 2458 Iisdem.
1115 2417 1250 2460 Guelf.
1287 2421 1446 2464 hisdem.

87 2493 121 2529 ei
149 2489 265 2545 quod.
324 2489 432 2530 Flor.
462 2492 580 2529 inser.
611 2499 660 2529 ct.

199 2559 234 2610 §.
266 2558 333 2598 47.
393 2557 442 2597 Ῑη
481 2557 553 2597 his.
613 2556 721 2596 Jens.
765 2554 885 2595 Tarv.
924 2552 1020 2595 Ald.
1060 2557 1099 2594 in
1127 2557 1189 2595 iis,
1292 2555 1405 2612 faci.
1437 2557 1533 2602 dict.

89 2621 226 2678 Camp.
271 2624 310 2664 d.
341 2625 387 2683 f
503 2635 694 2665 versatur.
754 2621 891 2663 Tude.
924 2637 946 2662 a
974 2638 1033 2676 pr.
1065 2637 1119 2662 m.
1159 2621 1266 2664 Flor.
1298 2637 1532 2669 versaretur.

32 2716 35 2745 η
136 2703 235 2737 Tom.
262 2703 305 2736 V.
1036 2689 1073 2729 Ρι
