1721 2974
397 161 450 201 acl
482 159 646 213 Quintil.
678 160 807 199 Instit.
852 156 929 207 VI,
975 163 1011 198 1.
1045 158 1077 212 §-
1109 161 1312 198 26—38.
1487 163 1566 200 315

225 278 260 330 §.
293 281 359 316 31.
421 275 649 315 ducentium.
703 274 812 315 Jens.
837 281 876 313 et
898 280 988 313 cett.
1012 279 1107 311 ante
1124 269 1223 311 ΑΜ.
1252 270 1482 321 dicentium,
1523 281 1568 312 ut

110 347 281 398 saepius.
341 343 478 384 Turio.
512 358 533 381 a
559 358 619 396 pr.
651 358 707 382 m.
738 342 976 381 (Iucundum.
1110 339 1162 378 Et
1190 339 1388 394 populum.
1443 338 1566 381 Amb.

113 418 150 452 1.
177 424 215 452 ut
233 414 519 468 pop.,opiime.
606 408 842 450 Romanum.
876 407 1077 449 0111.Flor.
1166 410 1257 461 egit.
1287 406 1502 461 Flor.apr.
1514 423 1568 447 m.

114 483 236 534 regit,
279 495 299 519 a
329 495 406 520 sec.
440 494 494 519 m.
529 478 691 531 redegit.
800 477 975 532 prolata.
1024 474 1151 516 Amb.
1184 481 1222 516 1.
1255 474 1392 515 Turio.
1429 474 1568 528 Calnp.

108 548 309 603 praelata.
398 546 517 603 foro.
563 545 689 586 Amb.
715 550 752 586 1.
775 544 1056 601 Flor.furze1·e.
1152 561 1235 582 eum
1261 560 1415 597 corpus.
1460 541 1569 583 Flor.

113 631 137 655 a
153 632 211 670 pr.
233 631 289 656 m.
311 615 354 655 id
373 631 529 669 corpus.
649 624 692 653 at
716 616 845 653 vestis.
896 612 964 653 Sic
988 615 1111 652 etiam
1144 611 1270 652 Amb.
1303 616 1341 651 1.
1374 610 1483 652 Flor.

113 687 334 737 imaginem.
385 682 513 723 Amb.
541 687 578 722 1.
599 684 783 734 imagine.
891 697 984 721 esse.
1036 680 1142 720 Flor.
1165 695 1324 734 quoque
1348 691 1457 720 essct.

227 754 262 804 ξ.
297 757 363 792 32.
424 749 713 806 quoclfltctum.
760 748 870 789 Flor.
894 747 1040 804 quiaf
1154 747 1349 802 depictam
1370 751 1410 788 in
1438 748 1576 789 tabula

112 821 309 874 sipariove
328 822 448 871 imag.
495 816 622 856 Aan.
652 822 689 856 1.
721 815 829 857 Flor.
854 832 1017 871 quoque
1047 815 1085 856 cl.
1106 827 1133 855 t.
1159 833 1278 871 supra
1297 817 1432 856 Jovem
1452 821 1573 871 imag.

197 889 266 941 qui
284 897 470 925 mutuam.
520 884 627 925 Flor.
651 900 814 939 quoque
835 901 932 938 quae
951 901 1003 923 m.

229 955 266 1005 §.
301 959 366 995 33.
423 952 659 1008 squalorem.
709 952 777 992 Sic
801 956 923 991 etiam
941 951 1030 991 Par.
1050 957 1091 992 2.
1191 952 1380 994 babilam.
1434 952 1576 1008 Camp.

113 1021 327 1062 habituum.
438 1024 520 1061 scio
538 1019 648 1077 profi
698 1019 802 1059 Flor.
832 1018 972 1072 Camp.
994 1036 1036 1074 p.
1057 1036 1089 1060 S.
1200 1020 1389 1074 judicum.
1437 1021 1578 1063 Turio.

114 1103 137 1128 a
155 1105 213 1142 pr.
235 1104 290 1127 ln.
318 1090 521 1144 judicium.
606 1091 791 1144 pignora.
841 1090 972 1128 omitt.
996 1086 1121 1128 Goth.
1233 1091 1398 1143 conjux.
1439 1087 1576 1130 Guelf-

117 1155 241 1197 Goth.
264 1156 404 1211 Camp.
426 1167 464 1197 et
484 1158 573 1198 edd.
593 1166 685 1196 ante
705 1155 803 1196 AJd.
826 1158 1018 1210 conjunx.

232 1227 269 1278 ᾗ.
303 1227 371 1266 34.
431 1237 466 1264 et
481 1243 619 1279 genua.
670 1222 805 1265 Guelf.
828 1241 877 1264 ac
895 1240 938 1277 g.
1028 1226 1105 1263 nisi
1128 1225 1176 1263 si.
1223 1222 1290 1264 Sic
1312 1227 1434 1264 etiam
1451 1223 1580 1267 Amb.

120 1299 160 1335 1.
248 1296 361 1334 enim.
411 1292 518 1334 Flor.
544 1292 684 1347 Camp.
711 1308 816 1332 vero.
907 1293 996 1333 hab.
1021 1303 1092 1332 est.
1142 1291 1210 1333 Sic
1243 1295 1365 1332 etiam
1383 1292 1494 1334 Flor.

233 1363 264 1415 ξ.
298 1366 365 1402 35.
422 1365 625 1416 potentiss.
645 1377 730 1416 quo.
780 1359 847 1400 Sic
869 1364 991 1400 etiam
1007 1359 1134 1401 Aan.
1157 1365 1194 1400 1.
1216 1359 1321 1400 Flor.
1337 1360 1429 1402 Par.
1455 1367 1493 1402 1.

118 1430 170 1471 L.
221 1429 288 1470 Sic
316 1433 438 1469 etiam
459 1429 584 1469 Amb.
613 1436 650 1470 1.
668 1461 678 1481 ‚
723 1432 792 1484 qui
821 1430 915 1468 dein
943 1428 1120 1469 Dffurena
1139 1429 1314 1468 exhibet.
1418 1447 1585 1484 persua-

119 1502 256 1555 sitque.
305 1498 372 1538 Sic
394 1501 517 1538 etiam
535 1496 661 1538 Ajnb.
688 1503 726 1538 1.
755 1496 888 1551 (prius
913 1499 1109 1552 persuasit
1135 1495 1266 1552 quod)
1295 1496 1403 1538 Flor.
1426 1497 1518 1539 Par.
1543 1504 1580 1540 1.

205 1567 433 1606 Ianuarias.
483 1565 623 1620 Camp.
647 1566 845 1606 Januarii.

233 1639 270 1688 §.
300 1639 367 1675 36.
426 1638 625 1690 privatae.
673 1632 797 1674 Amb.
824 1638 861 1674 1.
884 1635 1112 1688 privitaiae.
1166 1632 1271 1673 Flor.
1302 1649 1464 1689 quoque
1487 1651 1588 1690 pra-

121 1705 253 1742 viiaz'c.
342 1702 496 1743 habent.
546 1702 656 1742 Flor.
676 1702 806 1742 habet.
895 1712 931 1739 et
952 1701 1062 1742 haec.
1105 1699 1231 1743 Goth.
1252 1712 1288 1740 et
1309 1702 1397 1742 hoc.
1485 1704 1586 1757 opin.

123 1771 303 1825 litigator
320 1770 487 1812 videtur.
533 1769 668 1811 Guelf.
697 1786 758 1824 op.
779 1771 843 1808 vir
870 1768 928 1810 lit.
1016 1769 1180 1824 quidem.
1219 1768 1360 1823 Camp.
1383 1768 1500 1824 quod.

122 1839 239 1895 quale
257 1841 303 1880 si.
353 1838 490 1878 Etiam
509 1837 631 1879 Amb.
657 1842 691 1877 1.
720 1837 830 1878 Flor.
853 1837 943 1878 Par.
972 1842 1011 1878 1.
1031 1843 1072 1879 2.
1093 1840 1208 1893 quasi
1226 1840 1283 1888 si,
1327 1839 1465 1892 [quod
1483 1853 1590 1894 quo-

122 1910 256 1946 minus
288 1909 505 1959 recipiatur
534 1921 679 1959 parmn
716 1906 877 1946 videtur
917 1908 1097 1958 obstare,
1153 1907 1260 1961 quod
1296 1908 1410 1960 quasi
1441 1909 1477 1946 si
1503 1922 1590 1947 non

126 1990 251 2030 aeque
274 1977 465 2014 usitatum
486 1983 542 2013 est
575 1989 618 2013 ac
641 1976 718 2012 nisi
738 1975 786 2013 si.
847 1971 963 2025 Quid
986 1977 1096 2013 enim
1117 1973 1343 2025 interest?]
1461 1986 1496 2014 et
1519 1991 1590 2016 co-

125 2044 301 2084 thurnos.
353 2041 461 2081 Flor.
486 2057 508 2080 a
528 2057 608 2081 sec.
630 2056 687 2080 m.
712 2051 748 2079 et
773 2052 963 2082 aeternos,
1019 2040 1159 2095 Camp.
1184 2044 1299 2081 etiam
1321 2041 1424 2083 ooth.

241 2112 279 2164 §.
312 2115 379 2152 37.
440 2109 504 2148 Ne
530 2108 632 2148 illud
658 2109 764 2164 quid.
798 2108 949 2163 indign.
999 2108 1126 2151 Aan.
1156 2114 1193 2151 1.
1224 2109 1335 2150 Illud
1364 2127 1410 2150 ne
1437 2110 1591 2166 quidem

128 2179 280 2234 indign.
377 2190 463 2218 sunt
485 2178 595 2217 hacc.
647 2176 756 2217 Flor.
785 2192 958 2232 quoque.

245 2249 280 2301 §.
312 2252 378 2289 38.
440 2246 491 2285 Et
521 2245 686 2301 quidem.
741 2245 810 2286 Sic
842 2248 963 2286 etiam
988 2243 1111 2286 Amb.
1143 2251 1182 2287 1.
1214 2262 1237 2286 a
1257 2262 1334 2287 sec.
1358 2262 1413 2288 m.
1448 2245 1499 2304 (a
1529 2264 1590 2302 pr.

132 2332 212 2357 om.
246 2314 307 2371 et)
346 2315 455 2355 Flor.
574 2324 843 2368 repugnantes.
909 2312 1035 2354 Aan.
1072 2319 1110 2354 1.
1151 2313 1290 2355 Turio.
1322 2319 1591 2370 repugnantis,

131 2401 228 2426 cum
246 2385 355 2426 Jens.
386 2386 523 2438 eisque
551 2391 642 2422 ante
673 2380 774 2422 Ald.
787 2413 799 2432 ,
840 2397 942 2437 quae
960 2385 1091 2436 prima
1112 2397 1206 2423 cum
1226 2386 1391 2439 reliquis
1416 2385 1467 2423 ad
1488 2383 1592 2426 Obr.

133 2469 259 2508 usque
284 2471 323 2492 re
351 2452 567 2506 agnanicis.
667 2467 742 2491 eos.
790 2466 871 2490 om.
892 2449 1001 2491 Flor.
1030 2502 1035 2505 μ
1099 2451 1276 2492 ridentes.
1325 2449 1448 2491 Amb.
1472 2457 1510 2493 1.
1533 2469 1596 2491 re-

135 2521 295 2561 sidentis
326 2521 373 2575 (a
392 2537 451 2574 pr.
478 2518 713 2577 residentes)
745 2534 838 2558 cum
856 2518 963 2560 Flor.
1026 2520 1168 2574 [quod
1189 2535 1285 2559 sane
1314 2535 1399 2559 non
1421 2529 1505 2560 erat
1524 2535 1595 2560 cur

138 2587 393 2643 Spaldingius
413 2590 557 2627 frustra
579 2589 728 2627 diceret
749 2602 771 2626 a
789 2585 932 2628 Burm.
955 2597 994 2628 et
1014 2586 1192 2628 Gesnero
1212 2587 1458 2642 explicatam
1481 2603 1595 2639 „non

140 2660 429 2710 assurgentes.“
490 2656 547 2697 At
573 2659 739 2696 mallem
761 2657 974 2712 equidem,
1007 2665 1053 2697 ut
1071 2665 1143 2710 est,
1177 2659 1425 2711 interpretati
1449 2665 1593 2708 essent,
