1721 2974
192 166 272 202 250·
710 159 980 214 Supplcmcnra
1009 162 1271 200 annotationis

305 274 341 324 ξ.
373 274 440 313 34.
500 273 582 312 has.
651 272 777 313 Amb.
812 277 850 311 1.
888 271 996 311 Flor.
1035 287 1058 311 a
1095 287 1153 325 pr.
1188 287 1253 312 Jn.
1296 273 1404 314 hacc.
1521 287 1626 316 reeta

189 356 330 395 prava.
391 341 515 383 Amb.
551 346 588 380 1.
622 349 764 378 rectum
790 354 970 392 pravum.
1029 339 1061 379 F
1066 343 1138 380 lor.
1169 355 1191 378 a
1220 355 1278 393 pr.
1313 356 1370 380 m.
1403 351 1507 380 recta
1530 359 1627 395 pra-

191 424 292 448 vum.
406 419 543 447 contra
574 405 694 447 Goth.
729 405 869 458 Camp.
901 410 1103 448 omittunt.
1221 419 1276 446 est
1305 408 1377 447 his.
1438 407 1564 449 Amb.
1588 415 1627 449 1.

190 491 352 530 quoque
381 493 460 514 esse
490 476 561 514 his.
621 472 745 513 Goth.
783 484 837 511 est
868 474 945 514 hic.
1059 493 1106 515 cx
1136 479 1199 516 iis.
1259 474 1388 516 Amb.
1421 481 1457 516 1.
1492 473 1626 516 Guelf.

189 544 319 586 Amb.
343 549 383 584 2.
413 542 533 583 Goth.
567 539 707 593 Camp.
737 539 847 580 Jens.
877 539 977 582 Loc.
1007 541 1117 583 Ven.
1149 543 1260 584 Sich.
1291 560 1339 583 ex
1369 544 1441 583 liis.
1543 559 1630 582 cre-

189 610 298 650 dunt.
356 610 423 651 Sic
453 612 572 648 etiam
603 607 729 648 Amb.
751 613 786 647 1.
820 608 927 649 Flor.
961 608 1094 650 Guelf.
1138 611 1228 652 Pat.
1255 616 1290 650 1.
1313 618 1352 652 2.
1376 617 1414 653 3.
1513 613 1628 650 exist.

189 689 225 716 er
247 695 347 731 pcss.
401 675 535 717 Guelf.
567 690 647 715 om.
678 685 726 713 et.
814 678 876 715 ira
898 676 1038 716 odium.
1086 678 1193 718 Flor.
1213 682 1333 718 inser.
1355 689 1400 717 et.
1485 672 1628 719 cetera*

189 744 257 786 Sic
289 748 406 784 etiam
436 742 562 784 Amb.
589 748 627 783 1.
656 742 764 783 Flor.
799 742 925 784 Amb.
954 750 993 785 2.
1028 744 1117 785 Par.
1153 752 1188 785 1.
1249 745 1311 787 At
1341 745 1478 786 Turio.
1515 762 1538 786 a
1565 763 1626 800 pr.

188 829 244 852 m.
285 813 433 853 ceteris.
545 827 630 863 gen.
673 810 852 863 ejusdcm.
920 811 1029 852 Jens.
1078 823 1115 853 et
1155 814 1242 852 edd.
1280 822 1371 854 ante
1412 813 1542 854 Stoer.
1580 817 1631 867 ej.

185 897 274 933 gen.
385 877 605 918 Accedunt,
664 877 770 918 Flor.
812 894 834 917 a
867 894 925 932 pr.
958 894 1012 918 m.
1054 880 1220 919 accedit.
1279 879 1402 922 Goth.
1434 879 1554 921 Voss.
1583 887 1625 923 2.

188 946 299 987 Vall.
342 945 479 999 Camp.
519 945 714 985 accidunt.
775 945 892 986 Alm.
923 947 1130 988 acciditur.
1232 947 1427 1005 fortuita.
1487 946 1625 1002 Camp.

185 1015 294 1056 Jens.
328 1024 367 1054 et
395 1015 484 1053 edd.
516 1022 608 1052 aute
638 1012 740 1052 Bad.
759 1013 945 1068 fortuna.
1031 1017 1214 1054 criminis.
1274 1013 1408 1056 Guelf.
1440 1014 1560 1063 Voss,
1582 1023 1625 1057 2.

184 1083 296 1124 Jens.
334 1091 374 1122 et
413 1081 503 1121 edd.
541 1090 633 1120 ante
671 1074 826 1134 Grth.
865 1096 979 1120 meae
1018 1097 1110 1121 cum
1140 1086 1194 1122 eis
1226 1099 1287 1136 ap.
1318 1082 1459 1123 Burm.
1490 1086 1626 1122 crimi-

185 1168 288 1191 num.
403 1149 572 1189 clicaiur.
630 1147 757 1189 Amb.
784 1154 820 1189 1.
851 1148 957 1188 Flor.
992 1148 1106 1190 Ahn.
1131 1149 1264 1192 Guelf.
1287 1149 1414 1192 Amb.
1437 1156 1478 1191 2.
1500 1148 1622 1190 Goth.

188 1218 325 1272 Camp.
357 1227 396 1257 et
426 1218 516 1257 edd.
543 1225 634 1256 ante
668 1213 823 1270 Gryph.
856 1216 1012 1257 dicitur.
1073 1217 1266 1271 Stephan.
1297 1218 1436 1260 Oxou.
1468 1217 1621 1274 Gryph.

150 1339 153 1342 -
186 1285 297 1328 Gibs.
329 1286 431 1328 Obr.
464 1285 627 1324 dicetur.
744 1286 992 1325 interemisse.
1052 1284 1181 1327 Amb.
1216 1291 1253 1326 1.
1285 1288 1510 1326 intermisse.

194 1345 197 1347 >
298 1356 333 1407 ᾧ.
367 1360 432 1395 35.
492 1351 783 1409 defendendum.
843 1351 949 1392 Flor.
984 1368 1005 1391 a
1032 1367 1089 1406 pr.
1120 1369 1173 1392 111.
1206 1353 1468 1408 clefi’renclum.
1548 1354 1622 1411 fe-

184 1412 282 1462 sisse
311 1422 352 1461 icl
382 1431 440 1461 est
468 1422 555 1461 hon.
613 1420 720 1460 Flor.
755 1419 838 1475 fec.
881 1420 981 1459 idem
1019 1420 1107 1461 lion.
1176 1420 1286 1462 Jeus.
1325 1430 1364 1461 et
1400 1422 1491 1462 edd.
1530 1433 1622 1462 ante

182 1489 291 1530 Sich.
319 1505 432 1529 meae
463 1493 591 1530 omitt.
623 1487 666 1527 id
694 1496 764 1527 est.

294 1561 329 1611 §.
361 1561 427 1598 36.
487 1557 767 1596 Finitionis—
791 1564 937 1609 quaest.
968 1571 1025 1594 ex.
1083 1553 1150 1594 Sic
1179 1556 1319 1608 procul
1348 1555 1469 1595 dubio
1500 1559 1622 1597 etlam

181 1625 311 1668 Amb.
339 1629 377 1664 1.
492 1642 542 1665 αη
572 1616 821 1679 tyrannicida
850 1647 905 1653 —
934 1640 957 1661 a
986 1638 1073 1675 quo.
1135 1620 1261 1661 Amb.
1290 1627 1326 1661 1.
1358 1637 1382 1661 a
1409 1638 1468 1676 pr.
1491 1638 1546 1663 m.
1581 1628 1623 1663 ia

181 1684 430 1750 tyrannicida
446 1689 547 1744 quod
576 1688 631 1744 (d
659 1689 799 1738 adjecit
825 1702 901 1727 sec.
932 1686 1015 1742 m.)
1047 1704 1139 1727 cum
1169 1688 1306 1728 Turio.
1337 1688 1453 1730 Alm.
1553 1691 1621 1729 dc-

176 1761 384 1815 prehensus
416 1761 465 1798 in.
524 1756 660 1796 TuriG.
693 1769 714 1793 a
735 1771 792 1808 pr.
811 1770 865 1794 ln.
900 1755 1105 1808 deprensus
1126 1764 1181 1794 cst
1199 1757 1252 1795 in.
1323 1755 1482 1812 fuerat.
1532 1756 1620 1796 Tu-

180 1832 250 1868 ric.
308 1829 377 1866 uit.
472 1825 542 1865 An
564 1822 789 1875 sacrilegus.
850 1822 975 1863 Amb.
1000 1827 1037 1861 1.
1070 1824 1107 1860 in
1133 1822 1379 1874 sacrilegum.
1477 1825 1618 1880 affixa,

181 1894 317 1937 Guelf.
340 1894 480 1948 defixa.
564 1892 751 1931 detraxit.
792 1891 919 1932 Amb.
945 1895 981 1929 1.
1011 1889 1198 1928 detrahit.
1246 1887 1380 1929 Guelf.
1402 1890 1616 1932 abstraxit.

287 1965 323 2015 ξ.
357 1967 422 2002 37.
479 1960 705 2014 Spectatur.
766 1956 897 1998 Guelf.
925 1955 1043 1996 Voss.
1077 1962 1111 1996 1.
1140 1962 1176 1996 3.
1210 1966 1450 2010 expectatur.
1507 1957 1616 1999 Jens,

179 2042 217 2073 et
247 2032 336 2071 edd.
370 2038 460 2069 ante
492 2029 591 2069 Ald.
620 2035 860 2080 spectantur.
973 2023 1155 2064 incultus.
1216 2022 1351 2064 Guelf.
1383 2033 1560 2064 remotus.

289 2111 326 2162 ᾧ.
360 2113 424 2150 38.
482 2123 530 2145 ac
549 2103 706 2144 similia.
765 2103 875 2143 Jens.
910 2112 949 2142 et
979 2103 1068 2141 edd.
1096 2111 1185 2140 ante
1219 2100 1352 2151 Sich.,
1383 2118 1470 2142 exc.
1495 2103 1615 2155 Ald.,

177 2188 215 2218 et
244 2180 329 2217 sim.
424 2174 477 2214 ad
504 2176 578 2225 jus.
629 2170 757 2213 Amb.
788 2175 825 2211 1.
857 2170 910 2208 acl
940 2169 1059 2209 locos.
1119 2168 1223 2208 Flor.
1254 2169 1308 2208 acl
1328 2170 1448 2210 locus.
1488 2169 1615 2211 Amb1

177 2254 217 2289 2.
250 2244 361 2285 Sich.
395 2241 538 2283 aditus.
635 2255 687 2278 an
714 2237 874 2277 alienus.
933 2236 1039 2277 Flor.
1070 2252 1150 2276 om.
1182 2253 1244 2277 an.

289 2314 325 2363 §.
349 2317 416 2353 39.
475 2310 692 2349 Privatam.
739 2303 869 2345 Guelf.
898 2307 1028 2358 prima
1047 2314 1141 2343 tam.
1225 2302 1434 2343 sustulisti.
1479 2305 1616 2344 Guelf.

175 2380 326 2420 sustuli.
382 2378 491 2419 Jens.
526 2385 564 2415 et
595 2375 682 2414 edd.
714 2382 805 2412 aute
826 2372 923 2413 Ald.
944 2370 1115 2410 sustulit.
1205 2370 1341 2409 sacril.
1363 2378 1431 2411 est.
1481 2369 1612 2411 Amb.

178 2454 213 2488 1.
249 2448 365 2487 Flor.·
395 2445 533 2497 Camp.
571 2445 763 2481 omittunt
795 2448 867 2478 est.
970 2437 1203 2477 adulterum.
1253 2435 1386 2475 Guelf.
1419 2436 1547 2478 Amb.
1569 2443 1610 2478 2.

175 2515 387 2554 adulteros.
471 2510 743 2563 magistratui.
800 2505 906 2545 Jens.
942 2502 1041 2544 Loc.
1080 2503 1189 2544 Ven.
1226 2506 1499 2556 magistratus.

173 2583 404 2634 majestatis.
473 2578 599 2621 Amb.
631 2581 668 2616 1.
710 2574 817 2615 Flor.
855 2587 878 2612 a
906 2588 964 2626 pr.
994 2587 1047 2611 m.
1081 2573 1353 2624 magistratus.
1412 2570 1541 2613 Amb.
1573 2575 1611 2611 2.

172 2650 413 2701 magestatis.
