<?xml version="1.0" encoding="UTF-8"?>
<!DOCTYPE html PUBLIC "-//W3C//DTD XHTML 1.0 Transitional//EN"
    "http://www.w3.org/TR/xhtml1/DTD/xhtml1-transitional.dtd">
<html xmlns="http://www.w3.org/1999/xhtml" xml:lang="en" lang="en">
 <head>
  <title>
</title>
<meta http-equiv="Content-Type" content="text/html;charset=utf-8" />
  <meta name='ocr-system' content='tesseract 3.04.00' />
  <meta name='ocr-capabilities' content='ocr_page ocr_carea ocr_par ocr_line ocrx_word'/>
</head>
<body>
  <div class='ocr_page' id='page_1' title='image "./deinstitutioneor05quinuoft_0213.png"; bbox 0 0 1721 2974; ppageno 0'>
   <div class='ocr_carea' id='block_1_1' title="bbox 302 219 1488 275">
    <p class='ocr_par' dir='ltr' id='par_1_1' title="bbox 302 219 1488 275">
     <span class='ocr_line' id='line_1_1' title="bbox 302 219 1488 275; baseline 0.001 -13"><span class='ocrx_word' id='word_1_1' title='bbox 302 220 356 262; x_wconf 69' lang='lat' dir='ltr'><strong>ad</strong></span> <span class='ocrx_word' id='word_1_2' title='bbox 388 220 553 275; x_wconf 70' lang='lat' dir='ltr'><strong>Quintil.</strong></span> <span class='ocrx_word' id='word_1_3' title='bbox 584 220 715 261; x_wconf 76' lang='lat' dir='ltr'><strong>Instit.</strong></span> <span class='ocrx_word' id='word_1_4' title='bbox 747 219 829 274; x_wconf 87' lang='lat' dir='ltr'><strong>IV,</strong></span> <span class='ocrx_word' id='word_1_5' title='bbox 862 225 899 261; x_wconf 93' lang='lat'><strong>1.</strong></span> <span class='ocrx_word' id='word_1_6' title='bbox 952 224 988 274; x_wconf 64' lang='grc' dir='ltr'><strong>ς.</strong></span> <span class='ocrx_word' id='word_1_7' title='bbox 1019 222 1215 262; x_wconf 81' lang='grc'>44-53,</span> <span class='ocrx_word' id='word_1_8' title='bbox 1411 227 1488 263; x_wconf 89' lang='grc'><strong>181</strong></span> 
     </span>
    </p>
   </div>
   <div class='ocr_carea' id='block_1_2' title="bbox 34 333 1498 1066">
    <p class='ocr_par' dir='ltr' id='par_1_2' title="bbox 34 333 1498 1066">
     <span class='ocr_line' id='line_1_2' title="bbox 34 333 1447 389; baseline 0 -14"><span class='ocrx_word' id='word_1_9' title='bbox 34 334 126 377; x_wconf 85' lang='lat' dir='ltr'><strong>Par.</strong></span> <span class='ocrx_word' id='word_1_10' title='bbox 142 339 232 375; x_wconf 85' lang='lat'><strong>1.2.</strong></span> <span class='ocrx_word' id='word_1_11' title='bbox 321 335 486 374; x_wconf 79' lang='lat' dir='ltr'><strong>alterum</strong></span> <span class='ocrx_word' id='word_1_12' title='bbox 505 346 538 373; x_wconf 80' lang='lat' dir='ltr'><strong>et</strong></span> <span class='ocrx_word' id='word_1_13' title='bbox 558 352 637 389; x_wconf 81' lang='lat' dir='ltr'><strong>spe.</strong></span> <span class='ocrx_word' id='word_1_14' title='bbox 693 346 725 374; x_wconf 74' lang='lat' dir='ltr'><strong>c!</strong></span> <span class='ocrx_word' id='word_1_15' title='bbox 749 338 878 375; x_wconf 85' lang='lat' dir='ltr'><strong>omitt.</strong></span> <span class='ocrx_word' id='word_1_16' title='bbox 902 333 1036 376; x_wconf 85' lang='lat' dir='ltr'><strong>Guelf.</strong></span> <span class='ocrx_word' id='word_1_17' title='bbox 1063 333 1187 376; x_wconf 86' lang='lat' dir='ltr'><strong>Amb.</strong></span> <span class='ocrx_word' id='word_1_18' title='bbox 1200 340 1239 375; x_wconf 87' lang='lat'><strong>2.</strong></span> <span class='ocrx_word' id='word_1_19' title='bbox 1329 345 1363 373; x_wconf 82' lang='lat' dir='ltr'><strong>ei</strong></span> <span class='ocrx_word' id='word_1_20' title='bbox 1384 337 1447 375; x_wconf 79' lang='lat' dir='ltr'><strong>iis.</strong></span> 
     </span>
     <span class='ocr_line' id='line_1_3' title="bbox 35 400 1492 458; baseline 0.001 -17"><span class='ocrx_word' id='word_1_21' title='bbox 35 414 69 442; x_wconf 85' lang='lat' dir='ltr'><strong>ct</strong></span> <span class='ocrx_word' id='word_1_22' title='bbox 89 403 150 442; x_wconf 77' lang='lat' dir='ltr'><strong>his</strong></span> <span class='ocrx_word' id='word_1_23' title='bbox 184 400 363 443; x_wconf 81' lang='lat' dir='ltr'><strong>Amb.1.</strong></span> <span class='ocrx_word' id='word_1_24' title='bbox 398 401 534 443; x_wconf 86' lang='lat' dir='ltr'><strong>Guelf.</strong></span> <span class='ocrx_word' id='word_1_25' title='bbox 569 402 711 456; x_wconf 82' lang='lat' dir='ltr'><strong>Camp.</strong></span> <span class='ocrx_word' id='word_1_26' title='bbox 745 402 875 454; x_wconf 83' lang='lat' dir='ltr'><strong>Sich.3</strong></span> <span class='ocrx_word' id='word_1_27' title='bbox 907 412 1122 458; x_wconf 84' lang='lat' dir='ltr'><strong>utrumque</strong></span> <span class='ocrx_word' id='word_1_28' title='bbox 1153 405 1284 443; x_wconf 81' lang='lat' dir='ltr'><strong>omitt.</strong></span> <span class='ocrx_word' id='word_1_29' title='bbox 1311 400 1435 443; x_wconf 85' lang='lat' dir='ltr'><strong>Amb.</strong></span> <span class='ocrx_word' id='word_1_30' title='bbox 1453 409 1492 443; x_wconf 85' lang='lat'><strong>2.</strong></span> 
     </span>
     <span class='ocr_line' id='line_1_4' title="bbox 121 469 1494 524; baseline -0.001 -12"><span class='ocrx_word' id='word_1_31' title='bbox 121 472 156 522; x_wconf 87' lang='lat'><strong>§.</strong></span> <span class='ocrx_word' id='word_1_32' title='bbox 178 471 243 511; x_wconf 75' lang='lat'><strong>49.</strong></span> <span class='ocrx_word' id='word_1_33' title='bbox 284 470 338 509; x_wconf 85' lang='lat' dir='ltr'><strong>Et</strong></span> <span class='ocrx_word' id='word_1_34' title='bbox 358 470 571 509; x_wconf 78' lang='lat' dir='ltr'><strong>urbanitas.</strong></span> <span class='ocrx_word' id='word_1_35' title='bbox 612 482 654 510; x_wconf 79' lang='lat' dir='ltr'><strong>at</strong></span> <span class='ocrx_word' id='word_1_36' title='bbox 672 470 753 509; x_wconf 81' lang='lat' dir='ltr'><strong>urb.</strong></span> <span class='ocrx_word' id='word_1_37' title='bbox 776 470 919 524; x_wconf 84' lang='lat' dir='ltr'><strong>Camp.</strong></span> <span class='ocrx_word' id='word_1_38' title='bbox 1002 470 1160 523; x_wconf 73' lang='lat' dir='ltr'><strong>judicis-</strong></span> <span class='ocrx_word' id='word_1_39' title='bbox 1203 469 1290 510; x_wconf 82' lang='lat' dir='ltr'><strong>Par.</strong></span> <span class='ocrx_word' id='word_1_40' title='bbox 1306 475 1342 510; x_wconf 92' lang='lat'><strong>1.</strong></span> <span class='ocrx_word' id='word_1_41' title='bbox 1364 470 1494 523; x_wconf 78' lang='lat' dir='ltr'><strong>judici</strong></span> 
     </span>
     <span class='ocr_line' id='line_1_5' title="bbox 36 536 1493 579; baseline -0.001 -1"><span class='ocrx_word' id='word_1_42' title='bbox 36 554 132 578; x_wconf 88' lang='lat' dir='ltr'><strong>cum</strong></span> <span class='ocrx_word' id='word_1_43' title='bbox 159 538 292 579; x_wconf 82' lang='lat' dir='ltr'><strong>Guelf.</strong></span> <span class='ocrx_word' id='word_1_44' title='bbox 381 541 497 577; x_wconf 80' lang='lat' dir='ltr'><em>eliam</em></span> <span class='ocrx_word' id='word_1_45' title='bbox 526 549 594 578; x_wconf 79' lang='lat' dir='ltr'><strong>cst.</strong></span> <span class='ocrx_word' id='word_1_46' title='bbox 657 537 858 579; x_wconf 81' lang='lat' dir='ltr'><strong>Ordinem</strong></span> <span class='ocrx_word' id='word_1_47' title='bbox 887 541 1050 578; x_wconf 82' lang='lat' dir='ltr'><strong>invertit</strong></span> <span class='ocrx_word' id='word_1_48' title='bbox 1080 536 1216 579; x_wconf 82' lang='lat' dir='ltr'><strong>Guelf.</strong></span> <span class='ocrx_word' id='word_1_49' title='bbox 1301 537 1493 577; x_wconf 78' lang='lat' dir='ltr'><strong>videntur.</strong></span> 
     </span>
     <span class='ocr_line' id='line_1_6' title="bbox 37 603 1497 659; baseline -0.001 -14"><span class='ocrx_word' id='word_1_50' title='bbox 37 606 180 659; x_wconf 86' lang='lat' dir='ltr'><strong>Camp.</strong></span> <span class='ocrx_word' id='word_1_51' title='bbox 213 606 435 646; x_wconf 76' lang='lat' dir='ltr'><strong>viderentur</strong></span> <span class='ocrx_word' id='word_1_52' title='bbox 462 621 555 645; x_wconf 89' lang='lat' dir='ltr'><strong>cum</strong></span> <span class='ocrx_word' id='word_1_53' title='bbox 575 605 665 646; x_wconf 83' lang='lat' dir='ltr'><strong>Par.</strong></span> <span class='ocrx_word' id='word_1_54' title='bbox 686 612 725 647; x_wconf 87' lang='grc'><strong>2.</strong></span> <span class='ocrx_word' id='word_1_55' title='bbox 809 609 952 647; x_wconf 80' lang='lat' dir='ltr'><strong>mirari</strong></span> <span class='ocrx_word' id='word_1_56' title='bbox 972 606 1066 646; x_wconf 86' lang='lat' dir='ltr'><strong>Tur.</strong></span> <span class='ocrx_word' id='word_1_57' title='bbox 1085 605 1190 647; x_wconf 90' lang='lat' dir='ltr'><strong>Flor.</strong></span> <span class='ocrx_word' id='word_1_58' title='bbox 1207 603 1380 646; x_wconf 76' lang='lat' dir='ltr'><strong>Amb.2.</strong></span> <span class='ocrx_word' id='word_1_59' title='bbox 1403 621 1497 647; x_wconf 79' lang='lat' dir='ltr'><strong>cum</strong></span> 
     </span>
     <span class='ocr_line' id='line_1_7' title="bbox 35 672 1495 728; baseline -0.001 -14"><span class='ocrx_word' id='word_1_60' title='bbox 35 673 152 714; x_wconf 82' lang='lat' dir='ltr'><strong>Voss.</strong></span> <span class='ocrx_word' id='word_1_61' title='bbox 167 680 201 714; x_wconf 87' lang='lat'><strong>3.</strong></span> <span class='ocrx_word' id='word_1_62' title='bbox 296 672 558 714; x_wconf 72' lang='lat' dir='ltr'><strong>descenderit.-</strong></span> <span class='ocrx_word' id='word_1_63' title='bbox 589 673 736 713; x_wconf 75' lang='lat' dir='ltr'><strong>dcinde.</strong></span> <span class='ocrx_word' id='word_1_64' title='bbox 787 674 885 713; x_wconf 74' lang='lat' dir='ltr'><strong>desc.</strong></span> <span class='ocrx_word' id='word_1_65' title='bbox 910 674 998 713; x_wconf 70' lang='lat' dir='ltr'><strong>inde</strong></span> <span class='ocrx_word' id='word_1_66' title='bbox 1016 672 1135 714; x_wconf 80' lang='lat' dir='ltr'><strong>Aan.</strong></span> <span class='ocrx_word' id='word_1_67' title='bbox 1151 678 1184 714; x_wconf 88' lang='grc'><strong>1.</strong></span> <span class='ocrx_word' id='word_1_68' title='bbox 1279 676 1407 728; x_wconf 76' lang='lat' dir='ltr'><strong>ipsam</strong></span> <span class='ocrx_word' id='word_1_69' title='bbox 1427 689 1495 712; x_wconf 87' lang='lat' dir='ltr'><strong>so-</strong></span> 
     </span>
     <span class='ocr_line' id='line_1_8' title="bbox 37 739 1496 797; baseline -0.003 -15"><span class='ocrx_word' id='word_1_70' title='bbox 37 744 200 782; x_wconf 81' lang='lat' dir='ltr'><strong>ciorum.</strong></span> <span class='ocrx_word' id='word_1_71' title='bbox 234 739 357 782; x_wconf 84' lang='lat' dir='ltr'><strong>Amb.</strong></span> <span class='ocrx_word' id='word_1_72' title='bbox 378 746 414 780; x_wconf 89' lang='lat'><strong>1.</strong></span> <span class='ocrx_word' id='word_1_73' title='bbox 445 743 585 780; x_wconf 85' lang='lat' dir='ltr'><strong>inserit</strong></span> <span class='ocrx_word' id='word_1_74' title='bbox 604 758 697 795; x_wconf 74' lang='lat' dir='ltr'><em>esse,</em></span> <span class='ocrx_word' id='word_1_75' title='bbox 731 743 838 795; x_wconf 87' lang='lat' dir='ltr'><strong>quod</strong></span> <span class='ocrx_word' id='word_1_76' title='bbox 861 745 1021 795; x_wconf 75' lang='lat' dir='ltr'><strong>optabat</strong></span> <span class='ocrx_word' id='word_1_77' title='bbox 1044 740 1257 782; x_wconf 83' lang='lat' dir='ltr'><strong>Gesnerus.</strong></span> <span class='ocrx_word' id='word_1_78' title='bbox 1356 740 1496 797; x_wconf 67' lang='lat' dir='ltr'><em>defen-</em></span> 
     </span>
     <span class='ocr_line' id='line_1_9' title="bbox 35 808 1388 866; baseline -0.001 -18"><span class='ocrx_word' id='word_1_79' title='bbox 35 812 194 849; x_wconf 76' lang='lat' dir='ltr'><strong>sionem.</strong></span> <span class='ocrx_word' id='word_1_80' title='bbox 249 808 347 849; x_wconf 90' lang='lat' dir='ltr'><strong>Tur.</strong></span> <span class='ocrx_word' id='word_1_81' title='bbox 368 823 390 847; x_wconf 82' lang='lat' dir='ltr'>a</span> <span class='ocrx_word' id='word_1_82' title='bbox 407 824 463 861; x_wconf 86' lang='lat' dir='ltr'><strong>pr.</strong></span> <span class='ocrx_word' id='word_1_83' title='bbox 483 823 535 847; x_wconf 87' lang='lat' dir='ltr'><strong>m.</strong></span> <span class='ocrx_word' id='word_1_84' title='bbox 567 808 672 848; x_wconf 85' lang='lat' dir='ltr'><strong>Flor.</strong></span> <span class='ocrx_word' id='word_1_85' title='bbox 694 824 716 848; x_wconf 82' lang='lat' dir='ltr'>a</span> <span class='ocrx_word' id='word_1_86' title='bbox 734 825 790 862; x_wconf 85' lang='lat' dir='ltr'><strong>pr.</strong></span> <span class='ocrx_word' id='word_1_87' title='bbox 810 825 864 848; x_wconf 88' lang='lat' dir='ltr'><strong>m.</strong></span> <span class='ocrx_word' id='word_1_88' title='bbox 895 810 1138 866; x_wconf 60' lang='lat' dir='ltr'><strong>cqu‘cnsorem</strong></span> <span class='ocrx_word' id='word_1_89' title='bbox 1157 825 1250 849; x_wconf 89' lang='lat' dir='ltr'><strong>cum</strong></span> <span class='ocrx_word' id='word_1_90' title='bbox 1277 808 1388 848; x_wconf 83' lang='lat' dir='ltr'><strong>AJm.</strong></span> 
     </span>
     <span class='ocr_line' id='line_1_10' title="bbox 38 874 1437 932; baseline 0 -16"><span class='ocrx_word' id='word_1_91' title='bbox 38 875 261 932; x_wconf 74' lang='grc' dir='ltr'><em>πρόληψις.</em></span> <span class='ocrx_word' id='word_1_92' title='bbox 311 874 469 916; x_wconf 83' lang='lat' dir='ltr'><strong>Latinis</strong></span> <span class='ocrx_word' id='word_1_93' title='bbox 499 878 641 916; x_wconf 78' lang='lat' dir='ltr'><strong>litteris</strong></span> <span class='ocrx_word' id='word_1_94' title='bbox 674 880 795 917; x_wconf 78' lang='lat' dir='ltr'><strong>etiam</strong></span> <span class='ocrx_word' id='word_1_95' title='bbox 824 876 952 918; x_wconf 84' lang='lat' dir='ltr'><strong>Amb.</strong></span> <span class='ocrx_word' id='word_1_96' title='bbox 972 883 1033 927; x_wconf 83' lang='lat'><strong>2.,</strong></span> <span class='ocrx_word' id='word_1_97' title='bbox 1065 880 1214 930; x_wconf 81' lang='lat' dir='ltr'><strong>graecis</strong></span> <span class='ocrx_word' id='word_1_98' title='bbox 1243 875 1372 917; x_wconf 77' lang='lat' dir='ltr'><strong>Aan.</strong></span> <span class='ocrx_word' id='word_1_99' title='bbox 1398 881 1437 916; x_wconf 80' lang='lat'><strong>1.</strong></span> 
     </span>
     <span class='ocr_line' id='line_1_11' title="bbox 152 943 1498 998; baseline -0.001 -14"><span class='ocrx_word' id='word_1_100' title='bbox 152 948 187 994; x_wconf 84' lang='lat'><strong>§.</strong></span> <span class='ocrx_word' id='word_1_101' title='bbox 220 949 288 985; x_wconf 88' lang='lat'><strong>50.</strong></span> <span class='ocrx_word' id='word_1_102' title='bbox 348 960 449 983; x_wconf 85' lang='lat' dir='ltr'><strong>nunc</strong></span> <span class='ocrx_word' id='word_1_103' title='bbox 481 960 506 982; x_wconf 87' lang='lat' dir='ltr'><em>a</em></span> <span class='ocrx_word' id='word_1_104' title='bbox 540 944 886 984; x_wconf 71' lang='lat' dir='ltr'><em>declamatoribus.</em></span> <span class='ocrx_word' id='word_1_105' title='bbox 936 945 1074 985; x_wconf 80' lang='lat' dir='ltr'><strong>Turio.</strong></span> <span class='ocrx_word' id='word_1_106' title='bbox 1104 961 1126 984; x_wconf 85' lang='lat' dir='ltr'>a</span> <span class='ocrx_word' id='word_1_107' title='bbox 1150 961 1209 998; x_wconf 85' lang='lat' dir='ltr'><strong>pr.</strong></span> <span class='ocrx_word' id='word_1_108' title='bbox 1236 960 1292 984; x_wconf 88' lang='lat' dir='ltr'><strong>m.</strong></span> <span class='ocrx_word' id='word_1_109' title='bbox 1352 961 1391 984; x_wconf 86' lang='lat' dir='ltr'><strong>n.</strong></span> <span class='ocrx_word' id='word_1_110' title='bbox 1422 943 1498 984; x_wconf 77' lang='lat' dir='ltr'><strong>acl-</strong></span> 
     </span>
     <span class='ocr_line' id='line_1_12' title="bbox 37 1011 1374 1066; baseline 0.001 -16"><span class='ocrx_word' id='word_1_111' title='bbox 37 1011 212 1063; x_wconf 57' lang='lat' dir='ltr'><strong>dammst,</strong></span> <span class='ocrx_word' id='word_1_112' title='bbox 255 1026 279 1050; x_wconf 82' lang='lat' dir='ltr'>a</span> <span class='ocrx_word' id='word_1_113' title='bbox 311 1027 390 1052; x_wconf 86' lang='lat' dir='ltr'><strong>sec.</strong></span> <span class='ocrx_word' id='word_1_114' title='bbox 423 1027 480 1051; x_wconf 91' lang='lat' dir='ltr'><strong>m.</strong></span> <span class='ocrx_word' id='word_1_115' title='bbox 553 1030 590 1052; x_wconf 84' lang='lat' dir='ltr'><strong>n.</strong></span> <span class='ocrx_word' id='word_1_116' title='bbox 623 1013 845 1063; x_wconf 59' lang='lat' dir='ltr'><strong>acdamat„</strong></span> <span class='ocrx_word' id='word_1_117' title='bbox 890 1012 1034 1066; x_wconf 81' lang='lat' dir='ltr'><strong>Camp.</strong></span> <span class='ocrx_word' id='word_1_118' title='bbox 1094 1030 1131 1053; x_wconf 86' lang='lat' dir='ltr'><strong>n.</strong></span> <span class='ocrx_word' id='word_1_119' title='bbox 1163 1012 1374 1052; x_wconf 71' lang='lat' dir='ltr'><strong>acclamat.</strong></span> 
     </span>
    </p>
   </div>
   <div class='ocr_carea' id='block_1_3' title="bbox 37 1078 1499 1269">
    <p class='ocr_par' dir='ltr' id='par_1_3' title="bbox 37 1078 1499 1269">
     <span class='ocr_line' id='line_1_13' title="bbox 37 1078 1495 1135; baseline 0 -17"><span class='ocrx_word' id='word_1_120' title='bbox 37 1090 129 1120; x_wconf 77' lang='lat' dir='ltr'><strong>ires,</strong></span> <span class='ocrx_word' id='word_1_121' title='bbox 189 1081 263 1119; x_wconf 77' lang='lat' dir='ltr'><strong>iris</strong></span> <span class='ocrx_word' id='word_1_122' title='bbox 295 1082 416 1119; x_wconf 78' lang='lat' dir='ltr'><strong>etiam</strong></span> <span class='ocrx_word' id='word_1_123' title='bbox 445 1079 537 1120; x_wconf 86' lang='lat' dir='ltr'><strong>Par.</strong></span> <span class='ocrx_word' id='word_1_124' title='bbox 561 1085 597 1121; x_wconf 92' lang='lat'><strong>1.</strong></span> <span class='ocrx_word' id='word_1_125' title='bbox 620 1087 660 1122; x_wconf 86' lang='grc'><strong>2.</strong></span> <span class='ocrx_word' id='word_1_126' title='bbox 682 1086 721 1122; x_wconf 87' lang='grc'><strong>5.</strong></span> <span class='ocrx_word' id='word_1_127' title='bbox 839 1081 886 1120; x_wconf 76' lang='lat' dir='ltr'><strong>de</strong></span> <span class='ocrx_word' id='word_1_128' title='bbox 914 1081 1052 1135; x_wconf 78' lang='lat' dir='ltr'><strong>quibus</strong></span> <span class='ocrx_word' id='word_1_129' title='bbox 1079 1080 1270 1120; x_wconf 64' lang='lat' dir='ltr'><strong>clioeimus.</strong></span> <span class='ocrx_word' id='word_1_130' title='bbox 1302 1078 1430 1119; x_wconf 89' lang='lat' dir='ltr'><strong>Amb.</strong></span> <span class='ocrx_word' id='word_1_131' title='bbox 1457 1084 1495 1118; x_wconf 87' lang='lat'><strong>1.</strong></span> 
     </span>
     <span class='ocr_line' id='line_1_14' title="bbox 37 1146 1496 1202; baseline 0.001 -17"><span class='ocrx_word' id='word_1_132' title='bbox 37 1146 77 1187; x_wconf 75' lang='lat' dir='ltr'><strong>d.</strong></span> <span class='ocrx_word' id='word_1_133' title='bbox 110 1164 146 1202; x_wconf 85' lang='lat' dir='ltr'><strong>q.</strong></span> <span class='ocrx_word' id='word_1_134' title='bbox 180 1163 302 1202; x_wconf 81' lang='lat' dir='ltr'><strong>supra</strong></span> <span class='ocrx_word' id='word_1_135' title='bbox 334 1146 374 1186; x_wconf 78' lang='lat' dir='ltr'><strong>cl.</strong></span> <span class='ocrx_word' id='word_1_136' title='bbox 487 1158 635 1201; x_wconf 70' lang='lat' dir='ltr'><strong>parics.</strong></span> <span class='ocrx_word' id='word_1_137' title='bbox 701 1149 818 1189; x_wconf 82' lang='lat' dir='ltr'><strong>Hanc</strong></span> <span class='ocrx_word' id='word_1_138' title='bbox 844 1164 987 1189; x_wconf 81' lang='lat' dir='ltr'><strong>vocem</strong></span> <span class='ocrx_word' id='word_1_139' title='bbox 1016 1152 1144 1188; x_wconf 83' lang='lat' dir='ltr'><strong>omitt.</strong></span> <span class='ocrx_word' id='word_1_140' title='bbox 1179 1147 1288 1187; x_wconf 84' lang='lat' dir='ltr'><strong>Flor.</strong></span> <span class='ocrx_word' id='word_1_141' title='bbox 1315 1163 1337 1186; x_wconf 81' lang='lat' dir='ltr'>a</span> <span class='ocrx_word' id='word_1_142' title='bbox 1356 1163 1416 1200; x_wconf 83' lang='lat' dir='ltr'><strong>pr.</strong></span> <span class='ocrx_word' id='word_1_143' title='bbox 1440 1162 1496 1186; x_wconf 87' lang='lat' dir='ltr'><strong>m.</strong></span> 
     </span>
     <span class='ocr_line' id='line_1_15' title="bbox 153 1214 1499 1269; baseline -0.002 -15"><span class='ocrx_word' id='word_1_144' title='bbox 153 1215 207 1254; x_wconf 76' lang='lat' dir='ltr'><strong>acl</strong></span> <span class='ocrx_word' id='word_1_145' title='bbox 238 1231 398 1254; x_wconf 80' lang='lat' dir='ltr'><strong>causam</strong></span> <span class='ocrx_word' id='word_1_146' title='bbox 425 1240 481 1245; x_wconf 88' lang='lat'><strong>——</strong></span> <span class='ocrx_word' id='word_1_147' title='bbox 511 1218 701 1269; x_wconf 81' lang='lat' dir='ltr'><strong>opinione.</strong></span> <span class='ocrx_word' id='word_1_148' title='bbox 760 1217 872 1257; x_wconf 85' lang='lat' dir='ltr'><strong>Haec</strong></span> <span class='ocrx_word' id='word_1_149' title='bbox 904 1220 1031 1256; x_wconf 67' lang='lat' dir='ltr'><strong>omitt.</strong></span> <span class='ocrx_word' id='word_1_150' title='bbox 1091 1216 1218 1256; x_wconf 88' lang='lat' dir='ltr'><strong>Amb.</strong></span> <span class='ocrx_word' id='word_1_151' title='bbox 1253 1222 1291 1256; x_wconf 84' lang='lat'><strong>2.</strong></span> <span class='ocrx_word' id='word_1_152' title='bbox 1363 1214 1499 1254; x_wconf 77' lang='lat' dir='ltr'><strong>Simifi</strong></span> 
     </span>
    </p>
   </div>
   <div class='ocr_carea' id='block_1_4' title="bbox 33 1282 1503 2015">
    <p class='ocr_par' dir='ltr' id='par_1_4' title="bbox 37 1282 1500 1611">
     <span class='ocr_line' id='line_1_16' title="bbox 39 1282 1500 1338; baseline -0.002 -16"><span class='ocrx_word' id='word_1_153' title='bbox 39 1297 169 1322; x_wconf 82' lang='lat' dir='ltr'><strong>errore</strong></span> <span class='ocrx_word' id='word_1_154' title='bbox 200 1282 338 1322; x_wconf 80' lang='lat' dir='ltr'><strong>Tui-lc.</strong></span> <span class='ocrx_word' id='word_1_155' title='bbox 370 1282 477 1323; x_wconf 84' lang='lat' dir='ltr'><strong>Flor.</strong></span> <span class='ocrx_word' id='word_1_156' title='bbox 516 1283 632 1324; x_wconf 76' lang='lat' dir='ltr'><strong>Aim.</strong></span> <span class='ocrx_word' id='word_1_157' title='bbox 667 1283 802 1325; x_wconf 78' lang='lat' dir='ltr'><strong>Guelf&#39;.</strong></span> <span class='ocrx_word' id='word_1_158' title='bbox 842 1300 913 1338; x_wconf 85' lang='lat' dir='ltr'><strong>pro</strong></span> <span class='ocrx_word' id='word_1_159' title='bbox 960 1284 1006 1323; x_wconf 78' lang='lat' dir='ltr'><strong>de</strong></span> <span class='ocrx_word' id='word_1_160' title='bbox 1033 1287 1120 1338; x_wconf 76' lang='lat' dir='ltr'><strong>ipsa</strong></span> <span class='ocrx_word' id='word_1_161' title='bbox 1150 1300 1271 1323; x_wconf 76' lang='lat' dir='ltr'><strong>causa</strong></span> <span class='ocrx_word' id='word_1_162' title='bbox 1308 1284 1405 1323; x_wconf 81' lang='lat' dir='ltr'><strong>daut</strong></span> <span class='ocrx_word' id='word_1_163' title='bbox 1446 1282 1500 1322; x_wconf 78' lang='lat' dir='ltr'><strong>ml</strong></span> 
     </span>
     <span class='ocr_line' id='line_1_17' title="bbox 38 1349 1500 1393; baseline -0.001 -3"><span class='ocrx_word' id='word_1_164' title='bbox 38 1367 214 1390; x_wconf 82' lang='lat' dir='ltr'><strong>causam.</strong></span> <span class='ocrx_word' id='word_1_165' title='bbox 339 1361 421 1389; x_wconf 77' lang='lat' dir='ltr'><strong>ium</strong></span> <span class='ocrx_word' id='word_1_166' title='bbox 451 1353 512 1390; x_wconf 78' lang='lat' dir='ltr'><strong>iis.</strong></span> <span class='ocrx_word' id='word_1_167' title='bbox 582 1368 669 1391; x_wconf 89' lang='lat' dir='ltr'><strong>cum</strong></span> <span class='ocrx_word' id='word_1_168' title='bbox 703 1355 752 1391; x_wconf 77' lang='lat' dir='ltr'><strong>iis</strong></span> <span class='ocrx_word' id='word_1_169' title='bbox 792 1352 929 1393; x_wconf 83' lang='lat' dir='ltr'><strong>Turio.</strong></span> <span class='ocrx_word' id='word_1_170' title='bbox 967 1350 1094 1392; x_wconf 77' lang='lat' dir='ltr'><strong>Aan.</strong></span> <span class='ocrx_word' id='word_1_171' title='bbox 1133 1358 1172 1392; x_wconf 85' lang='grc'><strong>2.</strong></span> <span class='ocrx_word' id='word_1_172' title='bbox 1216 1349 1339 1390; x_wconf 84' lang='lat' dir='ltr'><strong>Bern.</strong></span> <span class='ocrx_word' id='word_1_173' title='bbox 1414 1366 1500 1389; x_wconf 86' lang='lat' dir='ltr'><strong>cum</strong></span> 
     </span>
     <span class='ocr_line' id='line_1_18' title="bbox 37 1415 1499 1461; baseline -0.001 -4"><span class='ocrx_word' id='word_1_174' title='bbox 37 1419 98 1457; x_wconf 76' lang='lat' dir='ltr'><strong>his</strong></span> <span class='ocrx_word' id='word_1_175' title='bbox 126 1417 234 1458; x_wconf 89' lang='lat' dir='ltr'><strong>Flor.</strong></span> <span class='ocrx_word' id='word_1_176' title='bbox 268 1415 402 1458; x_wconf 85' lang='lat' dir='ltr'><strong>Guelf.</strong></span> <span class='ocrx_word' id='word_1_177' title='bbox 466 1429 546 1457; x_wconf 78' lang='lat' dir='ltr'><strong>tum</strong></span> <span class='ocrx_word' id='word_1_178' title='bbox 570 1419 630 1457; x_wconf 73' lang='lat' dir='ltr'><strong>his</strong></span> <span class='ocrx_word' id='word_1_179' title='bbox 659 1418 840 1460; x_wconf 87' lang='lat' dir='ltr'><strong>Amb.1.</strong></span> <span class='ocrx_word' id='word_1_180' title='bbox 871 1419 984 1461; x_wconf 79' lang='lat' dir='ltr'><strong>Sich.</strong></span> <span class='ocrx_word' id='word_1_181' title='bbox 1093 1422 1380 1459; x_wconf 77' lang='lat' dir='ltr'><strong>controversiae</strong></span> <span class='ocrx_word' id='word_1_182' title='bbox 1404 1434 1499 1457; x_wconf 86' lang='lat' dir='ltr'><strong>con-</strong></span> 
     </span>
     <span class='ocr_line' id='line_1_19' title="bbox 42 1483 1499 1541; baseline -0.001 -16"><span class='ocrx_word' id='word_1_183' title='bbox 42 1497 163 1526; x_wconf 76' lang='lat' dir='ltr'><strong>stant.</strong></span> <span class='ocrx_word' id='word_1_184' title='bbox 224 1483 426 1526; x_wconf 83' lang='lat' dir='ltr'>Ordinem</span> <span class='ocrx_word' id='word_1_185' title='bbox 461 1489 670 1526; x_wconf 83' lang='lat' dir='ltr'><strong>invertunt</strong></span> <span class='ocrx_word' id='word_1_186' title='bbox 700 1486 824 1528; x_wconf 87' lang='lat' dir='ltr'><strong>Goth.</strong></span> <span class='ocrx_word' id='word_1_187' title='bbox 869 1498 910 1529; x_wconf 81' lang='lat' dir='ltr'><strong>et</strong></span> <span class='ocrx_word' id='word_1_188' title='bbox 939 1489 1030 1527; x_wconf 88' lang='lat' dir='ltr'><strong>edd.</strong></span> <span class='ocrx_word' id='word_1_189' title='bbox 1065 1496 1157 1527; x_wconf 84' lang='lat' dir='ltr'>ante</span> <span class='ocrx_word' id='word_1_190' title='bbox 1189 1485 1369 1541; x_wconf 86' lang='lat' dir='ltr'><strong>Gryph.,</strong></span> <span class='ocrx_word' id='word_1_191' title='bbox 1411 1501 1499 1524; x_wconf 82' lang='lat' dir='ltr'><strong>exc.</strong></span> 
     </span>
     <span class='ocr_line' id='line_1_20' title="bbox 42 1552 1114 1611; baseline -0.001 -16"><span class='ocrx_word' id='word_1_192' title='bbox 42 1552 186 1608; x_wconf 86' lang='lat' dir='ltr'><strong>Camp.</strong></span> <span class='ocrx_word' id='word_1_193' title='bbox 291 1553 449 1611; x_wconf 76' lang='lat' dir='ltr'><strong>jactis,</strong></span> <span class='ocrx_word' id='word_1_194' title='bbox 481 1554 611 1594; x_wconf 76' lang='lat' dir='ltr'><strong>dictis.</strong></span> <span class='ocrx_word' id='word_1_195' title='bbox 644 1554 785 1610; x_wconf 86' lang='lat' dir='ltr'><strong>Camp.</strong></span> <span class='ocrx_word' id='word_1_196' title='bbox 820 1558 905 1597; x_wconf 90' lang='lat' dir='ltr'><strong>ord.</strong></span> <span class='ocrx_word' id='word_1_197' title='bbox 937 1559 1114 1596; x_wconf 80' lang='lat' dir='ltr'><strong>invertit.</strong></span> 
     </span>
    </p>

    <p class='ocr_par' dir='ltr' id='par_1_5' title="bbox 33 1621 1500 1748">
     <span class='ocr_line' id='line_1_21' title="bbox 150 1621 1500 1676; baseline 0 -14"><span class='ocrx_word' id='word_1_198' title='bbox 150 1622 187 1674; x_wconf 87' lang='lat'><strong>§.</strong></span> <span class='ocrx_word' id='word_1_199' title='bbox 219 1624 286 1662; x_wconf 87' lang='lat'><strong>51.</strong></span> <span class='ocrx_word' id='word_1_200' title='bbox 347 1621 444 1661; x_wconf 75' lang='lat' dir='ltr'><strong>haec</strong></span> <span class='ocrx_word' id='word_1_201' title='bbox 478 1625 559 1661; x_wconf 78' lang='lat' dir='ltr'><strong>iria</strong></span> <span class='ocrx_word' id='word_1_202' title='bbox 583 1640 672 1676; x_wconf 79' lang='lat' dir='ltr'><strong>gen.</strong></span> <span class='ocrx_word' id='word_1_203' title='bbox 735 1626 818 1664; x_wconf 80' lang='lat' dir='ltr'><strong>tria</strong></span> <span class='ocrx_word' id='word_1_204' title='bbox 847 1627 1042 1665; x_wconf 83' lang='lat' dir='ltr'><strong>omittunt</strong></span> <span class='ocrx_word' id='word_1_205' title='bbox 1074 1627 1197 1663; x_wconf 86' lang='lat' dir='ltr'><strong>etiam</strong></span> <span class='ocrx_word' id='word_1_206' title='bbox 1229 1622 1356 1663; x_wconf 81' lang='lat' dir='ltr'><strong>Aan.</strong></span> <span class='ocrx_word' id='word_1_207' title='bbox 1390 1627 1428 1662; x_wconf 93' lang='lat'><strong>1.</strong></span> <span class='ocrx_word' id='word_1_208' title='bbox 1459 1627 1500 1663; x_wconf 88' lang='grc'><strong>2.</strong></span> 
     </span>
     <span class='ocr_line' id='line_1_22' title="bbox 33 1686 1404 1748; baseline 0 -18"><span class='ocrx_word' id='word_1_209' title='bbox 33 1686 130 1731; x_wconf 75' lang='lat' dir='ltr'><strong>Par.</strong></span> <span class='ocrx_word' id='word_1_210' title='bbox 148 1693 188 1730; x_wconf 88' lang='grc'><strong>5.</strong></span> <span class='ocrx_word' id='word_1_211' title='bbox 219 1704 314 1730; x_wconf 87' lang='lat' dir='ltr'><strong>cum</strong></span> <span class='ocrx_word' id='word_1_212' title='bbox 345 1688 464 1731; x_wconf 86' lang='lat' dir='ltr'><strong>VOSS.</strong></span> <span class='ocrx_word' id='word_1_213' title='bbox 482 1694 575 1730; x_wconf 86' lang='lat'><strong>1.3.</strong></span> <span class='ocrx_word' id='word_1_214' title='bbox 606 1690 721 1732; x_wconf 79' lang='lat' dir='ltr'><strong>Sich.</strong></span> <span class='ocrx_word' id='word_1_215' title='bbox 834 1695 998 1748; x_wconf 80' lang='lat' dir='ltr'><strong>reperio.</strong></span> <span class='ocrx_word' id='word_1_216' title='bbox 1057 1691 1168 1732; x_wconf 82' lang='lat' dir='ltr'><strong>Flor.</strong></span> <span class='ocrx_word' id='word_1_217' title='bbox 1200 1693 1404 1746; x_wconf 71' lang='lat' dir='ltr'><strong>reperiam.</strong></span> 
     </span>
    </p>

    <p class='ocr_par' dir='ltr' id='par_1_6' title="bbox 40 1756 1503 2015">
     <span class='ocr_line' id='line_1_23' title="bbox 152 1756 1501 1816; baseline -0.001 -19"><span class='ocrx_word' id='word_1_218' title='bbox 152 1760 189 1808; x_wconf 86' lang='lat'><strong>§.</strong></span> <span class='ocrx_word' id='word_1_219' title='bbox 222 1761 290 1799; x_wconf 88' lang='lat'><strong>52.</strong></span> <span class='ocrx_word' id='word_1_220' title='bbox 346 1760 501 1814; x_wconf 85' lang='lat' dir='ltr'><strong>perfici.</strong></span> <span class='ocrx_word' id='word_1_221' title='bbox 551 1757 826 1814; x_wconf 19' lang='lat' dir='ltr'><strong>EtiamrFlor.</strong></span> <span class='ocrx_word' id='word_1_222' title='bbox 873 1763 1048 1816; x_wconf 81' lang='lat' dir='ltr'><strong>perspici</strong></span> <span class='ocrx_word' id='word_1_223' title='bbox 1078 1775 1173 1801; x_wconf 88' lang='lat' dir='ltr'><strong>cum</strong></span> <span class='ocrx_word' id='word_1_224' title='bbox 1201 1758 1382 1799; x_wconf 81' lang='lat' dir='ltr'><strong>Amb.1.</strong></span> <span class='ocrx_word' id='word_1_225' title='bbox 1408 1756 1501 1797; x_wconf 82' lang='lat' dir='ltr'><strong>Par.</strong></span> 
     </span>
     <span class='ocr_line' id='line_1_24' title="bbox 41 1825 1503 1881; baseline 0.001 -16"><span class='ocrx_word' id='word_1_226' title='bbox 41 1830 104 1876; x_wconf 87' lang='lat'><strong>1.‚</strong></span> <span class='ocrx_word' id='word_1_227' title='bbox 154 1828 333 1881; x_wconf 81' lang='lat' dir='ltr'><strong>prospici</strong></span> <span class='ocrx_word' id='word_1_228' title='bbox 373 1825 464 1866; x_wconf 82' lang='lat' dir='ltr'><strong>Par.</strong></span> <span class='ocrx_word' id='word_1_229' title='bbox 498 1829 572 1866; x_wconf 84' lang='lat'><strong>5.·</strong></span> <span class='ocrx_word' id='word_1_230' title='bbox 664 1827 853 1869; x_wconf 74' lang='lat' dir='ltr'><strong>dicturus.</strong></span> <span class='ocrx_word' id='word_1_231' title='bbox 914 1828 1024 1869; x_wconf 85' lang='lat' dir='ltr'><strong>Flor.</strong></span> <span class='ocrx_word' id='word_1_232' title='bbox 1066 1844 1089 1868; x_wconf 85' lang='lat' dir='ltr'>a</span> <span class='ocrx_word' id='word_1_233' title='bbox 1122 1844 1184 1881; x_wconf 86' lang='lat' dir='ltr'><strong>pr.</strong></span> <span class='ocrx_word' id='word_1_234' title='bbox 1215 1843 1270 1868; x_wconf 85' lang='lat' dir='ltr'><strong>m.</strong></span> <span class='ocrx_word' id='word_1_235' title='bbox 1315 1826 1503 1866; x_wconf 76' lang='lat' dir='ltr'><strong>docturus</strong></span> 
     </span>
     <span class='ocr_line' id='line_1_25' title="bbox 40 1892 1501 1952; baseline -0.001 -19"><span class='ocrx_word' id='word_1_236' title='bbox 40 1908 136 1933; x_wconf 85' lang='lat' dir='ltr'><strong>cum</strong></span> <span class='ocrx_word' id='word_1_237' title='bbox 160 1892 301 1945; x_wconf 85' lang='lat' dir='ltr'><strong>A1m.,</strong></span> <span class='ocrx_word' id='word_1_238' title='bbox 332 1909 355 1932; x_wconf 86' lang='lat' dir='ltr'>a</span> <span class='ocrx_word' id='word_1_239' title='bbox 383 1910 462 1934; x_wconf 85' lang='lat' dir='ltr'><strong>sec.</strong></span> <span class='ocrx_word' id='word_1_240' title='bbox 494 1909 550 1938; x_wconf 83' lang='lat' dir='ltr'><strong>m.</strong></span> <span class='ocrx_word' id='word_1_241' title='bbox 604 1894 794 1936; x_wconf 75' lang='lat' dir='ltr'><strong>dicturos.</strong></span> <span class='ocrx_word' id='word_1_242' title='bbox 911 1897 1028 1952; x_wconf 76' lang='lat' dir='ltr'><strong>quid,</strong></span> <span class='ocrx_word' id='word_1_243' title='bbox 1060 1896 1180 1951; x_wconf 74' lang='lat' dir='ltr'><strong>apud.</strong></span> <span class='ocrx_word' id='word_1_244' title='bbox 1217 1895 1356 1936; x_wconf 73' lang='lat' dir='ltr'><strong>Tui-ic.</strong></span> <span class='ocrx_word' id='word_1_245' title='bbox 1391 1894 1501 1934; x_wconf 88' lang='lat' dir='ltr'><strong>Flor.</strong></span> 
     </span>
     <span class='ocr_line' id='line_1_26' title="bbox 41 1961 1501 2015; baseline -0.001 -15"><span class='ocrx_word' id='word_1_246' title='bbox 41 1976 64 2000; x_wconf 89' lang='lat' dir='ltr'>a</span> <span class='ocrx_word' id='word_1_247' title='bbox 92 1976 152 2014; x_wconf 83' lang='lat' dir='ltr'><strong>pr.</strong></span> <span class='ocrx_word' id='word_1_248' title='bbox 182 1975 239 2000; x_wconf 86' lang='lat' dir='ltr'><strong>m.</strong></span> <span class='ocrx_word' id='word_1_249' title='bbox 303 1963 395 2014; x_wconf 80' lang='lat' dir='ltr'><strong>quia</strong></span> <span class='ocrx_word' id='word_1_250' title='bbox 429 1978 520 2015; x_wconf 66' lang='lat' dir='ltr'><strong>‹lp-5</strong></span> <span class='ocrx_word' id='word_1_251' title='bbox 577 1961 687 2003; x_wconf 89' lang='lat' dir='ltr'><strong>Flor.</strong></span> <span class='ocrx_word' id='word_1_252' title='bbox 719 1979 742 2003; x_wconf 86' lang='lat' dir='ltr'>a</span> <span class='ocrx_word' id='word_1_253' title='bbox 774 1980 852 2004; x_wconf 82' lang='lat' dir='ltr'><strong>sec.</strong></span> <span class='ocrx_word' id='word_1_254' title='bbox 885 1981 942 2005; x_wconf 90' lang='lat' dir='ltr'><strong>m.</strong></span> <span class='ocrx_word' id='word_1_255' title='bbox 982 1965 1108 2006; x_wconf 84' lang='lat' dir='ltr'><strong>Amb.</strong></span> <span class='ocrx_word' id='word_1_256' title='bbox 1129 1971 1168 2006; x_wconf 89' lang='lat'><strong>2.</strong></span> <span class='ocrx_word' id='word_1_257' title='bbox 1199 1963 1324 2004; x_wconf 82' lang='lat' dir='ltr'><strong>Bern.</strong></span> <span class='ocrx_word' id='word_1_258' title='bbox 1358 1961 1501 2014; x_wconf 84' lang='lat' dir='ltr'><strong>Camp.</strong></span> 
     </span>
    </p>
   </div>
   <div class='ocr_carea' id='block_1_5' title="bbox 40 2027 1503 2155">
    <p class='ocr_par' dir='ltr' id='par_1_7' title="bbox 40 2027 1503 2155">
     <span class='ocr_line' id='line_1_27' title="bbox 41 2027 1503 2086; baseline -0.001 -18"><span class='ocrx_word' id='word_1_259' title='bbox 41 2032 108 2084; x_wconf 77' lang='lat' dir='ltr'><strong>qui</strong></span> <span class='ocrx_word' id='word_1_260' title='bbox 138 2046 231 2084; x_wconf 78' lang='lat' dir='ltr'><strong>ap.,·</strong></span> <span class='ocrx_word' id='word_1_261' title='bbox 273 2027 399 2067; x_wconf 83' lang='lat' dir='ltr'><strong>Amb.</strong></span> <span class='ocrx_word' id='word_1_262' title='bbox 426 2033 462 2067; x_wconf 86' lang='lat'><strong>1.</strong></span> <span class='ocrx_word' id='word_1_263' title='bbox 512 2031 576 2067; x_wconf 81' lang='lat' dir='ltr'><strong>cui</strong></span> <span class='ocrx_word' id='word_1_264' title='bbox 609 2045 674 2083; x_wconf 83' lang='lat' dir='ltr'><strong>ap.</strong></span> <span class='ocrx_word' id='word_1_265' title='bbox 790 2034 1038 2086; x_wconf 80' lang='lat' dir='ltr'><strong>incipiamus.</strong></span> <span class='ocrx_word' id='word_1_266' title='bbox 1099 2032 1167 2073; x_wconf 80' lang='lat' dir='ltr'><strong>Sic</strong></span> <span class='ocrx_word' id='word_1_267' title='bbox 1207 2032 1298 2072; x_wconf 81' lang='lat' dir='ltr'><strong>Par.</strong></span> <span class='ocrx_word' id='word_1_268' title='bbox 1329 2035 1390 2080; x_wconf 89' lang='lat'><strong>1.,</strong></span> <span class='ocrx_word' id='word_1_269' title='bbox 1431 2028 1503 2069; x_wconf 82' lang='lat' dir='ltr'><strong>sed</strong></span> 
     </span>
     <span class='ocr_line' id='line_1_28' title="bbox 40 2094 1501 2155; baseline -0.002 -18"><span class='ocrx_word' id='word_1_270' title='bbox 40 2097 151 2137; x_wconf 87' lang='lat' dir='ltr'><strong>Flor.</strong></span> <span class='ocrx_word' id='word_1_271' title='bbox 195 2095 321 2136; x_wconf 82' lang='lat' dir='ltr'><strong>Amb.</strong></span> <span class='ocrx_word' id='word_1_272' title='bbox 353 2101 394 2137; x_wconf 89' lang='lat'><strong>2.</strong></span> <span class='ocrx_word' id='word_1_273' title='bbox 433 2094 568 2148; x_wconf 80' lang='lat' dir='ltr'>(haud</span> <span class='ocrx_word' id='word_1_274' title='bbox 599 2097 720 2135; x_wconf 85' lang='lat' dir='ltr'><strong>dubie</strong></span> <span class='ocrx_word' id='word_1_275' title='bbox 763 2101 885 2137; x_wconf 81' lang='lat' dir='ltr'><strong>etiam</strong></span> <span class='ocrx_word' id='word_1_276' title='bbox 922 2099 1050 2140; x_wconf 87' lang='lat' dir='ltr'><strong>Amb.</strong></span> <span class='ocrx_word' id='word_1_277' title='bbox 1083 2099 1153 2155; x_wconf 81' lang='lat'><strong>1.)</strong></span> <span class='ocrx_word' id='word_1_278' title='bbox 1192 2099 1283 2140; x_wconf 82' lang='lat' dir='ltr'><strong>Par.</strong></span> <span class='ocrx_word' id='word_1_279' title='bbox 1313 2104 1353 2139; x_wconf 89' lang='lat'><strong>2.</strong></span> <span class='ocrx_word' id='word_1_280' title='bbox 1387 2102 1425 2137; x_wconf 82' lang='lat'><strong>3.</strong></span> <span class='ocrx_word' id='word_1_281' title='bbox 1461 2098 1501 2135; x_wconf 79' lang='lat'><strong>4.</strong></span> 
     </span>
    </p>
   </div>
   <div class='ocr_carea' id='block_1_6' title="bbox 39 2162 1502 2357">
    <p class='ocr_par' dir='ltr' id='par_1_8' title="bbox 39 2162 1502 2357">
     <span class='ocr_line' id='line_1_29' title="bbox 39 2162 1501 2219; baseline -0.001 -15"><span class='ocrx_word' id='word_1_282' title='bbox 39 2167 260 2219; x_wconf 80' lang='lat' dir='ltr'><strong>incipimus.</strong></span> <span class='ocrx_word' id='word_1_283' title='bbox 366 2162 459 2217; x_wconf 71' lang='lat' dir='ltr'><strong>quid</strong></span> <span class='ocrx_word' id='word_1_284' title='bbox 484 2173 551 2201; x_wconf 79' lang='lat' dir='ltr'><strong>aut</strong></span> <span class='ocrx_word' id='word_1_285' title='bbox 579 2163 701 2202; x_wconf 71' lang='lat' dir='ltr'><strong>desid.</strong></span> <span class='ocrx_word' id='word_1_286' title='bbox 763 2176 830 2204; x_wconf 80' lang='lat' dir='ltr'><strong>aut</strong></span> <span class='ocrx_word' id='word_1_287' title='bbox 861 2170 990 2207; x_wconf 87' lang='lat' dir='ltr'><strong>omitt.</strong></span> <span class='ocrx_word' id='word_1_288' title='bbox 1020 2170 1139 2207; x_wconf 71' lang='lat' dir='ltr'><strong>etiam</strong></span> <span class='ocrx_word' id='word_1_289' title='bbox 1169 2167 1279 2206; x_wconf 83' lang='lat' dir='ltr'><strong>Flor.</strong></span> <span class='ocrx_word' id='word_1_290' title='bbox 1309 2164 1437 2205; x_wconf 84' lang='lat' dir='ltr'><strong>Amb.</strong></span> <span class='ocrx_word' id='word_1_291' title='bbox 1462 2167 1501 2203; x_wconf 89' lang='lat'><strong>1.</strong></span> 
     </span>
     <span class='ocr_line' id='line_1_30' title="bbox 137 2229 1501 2274; baseline 0 -3"><span class='ocrx_word' id='word_1_292' title='bbox 137 2242 281 2271; x_wconf 75' lang='lat' dir='ltr'><strong>natura</strong></span> <span class='ocrx_word' id='word_1_293' title='bbox 301 2248 342 2271; x_wconf 84' lang='lat' dir='ltr'><strong>co</strong></span> <span class='ocrx_word' id='word_1_294' title='bbox 368 2231 493 2270; x_wconf 74' lang='lat' dir='ltr'><strong>ducet.</strong></span> <span class='ocrx_word' id='word_1_295' title='bbox 554 2229 731 2271; x_wconf 51' lang='lat' dir='ltr'><strong>Ambsz.</strong></span> <span class='ocrx_word' id='word_1_296' title='bbox 765 2236 892 2274; x_wconf 80' lang='lat' dir='ltr'><strong>omitt.</strong></span> <span class='ocrx_word' id='word_1_297' title='bbox 930 2251 972 2274; x_wconf 82' lang='lat' dir='ltr'><strong>eo</strong></span> <span class='ocrx_word' id='word_1_298' title='bbox 998 2250 1091 2274; x_wconf 84' lang='lat' dir='ltr'><strong>cum</strong></span> <span class='ocrx_word' id='word_1_299' title='bbox 1118 2235 1344 2274; x_wconf 75' lang='lat' dir='ltr'><strong>Voss.1.3.</strong></span> <span class='ocrx_word' id='word_1_300' title='bbox 1376 2232 1501 2273; x_wconf 78' lang='lat' dir='ltr'><strong>Bern.</strong></span> 
     </span>
     <span class='ocr_line' id='line_1_31' title="bbox 158 2298 1502 2357; baseline -0.001 -17"><span class='ocrx_word' id='word_1_301' title='bbox 158 2301 195 2351; x_wconf 90' lang='lat'><strong>§.</strong></span> <span class='ocrx_word' id='word_1_302' title='bbox 229 2304 296 2340; x_wconf 86' lang='lat'><strong>53.</strong></span> <span class='ocrx_word' id='word_1_303' title='bbox 357 2298 463 2353; x_wconf 69' lang='lat' dir='ltr'><strong>quod</strong></span> <span class='ocrx_word' id='word_1_304' title='bbox 493 2301 673 2352; x_wconf 75' lang='lat' dir='ltr'><strong>coeperit.</strong></span> <span class='ocrx_word' id='word_1_305' title='bbox 730 2298 856 2340; x_wconf 82' lang='lat' dir='ltr'><strong>Aan.</strong></span> <span class='ocrx_word' id='word_1_306' title='bbox 882 2306 920 2341; x_wconf 89' lang='lat'><strong>1.</strong></span> <span class='ocrx_word' id='word_1_307' title='bbox 949 2319 1021 2357; x_wconf 82' lang='lat' dir='ltr'><strong>quo</strong></span> <span class='ocrx_word' id='word_1_308' title='bbox 1055 2313 1277 2355; x_wconf 66' lang='lat' dir='ltr'><strong>coeperunt,</strong></span> <span class='ocrx_word' id='word_1_309' title='bbox 1308 2303 1502 2355; x_wconf 70' lang='lat' dir='ltr'><strong>posterius</strong></span> 
     </span>
    </p>
   </div>
   <div class='ocr_carea' id='block_1_7' title="bbox 0 2365 1504 2627">
    <p class='ocr_par' dir='ltr' id='par_1_9' title="bbox 0 2365 1386 2424">
     <span class='ocr_line' id='line_1_32' title="bbox 0 2365 1386 2424; baseline -0.001 -15"><span class='ocrx_word' id='word_1_310' title='bbox 0 2418 1 2422; x_wconf 13' lang='grc' dir='ltr'><strong>Ἰ</strong></span> <span class='ocrx_word' id='word_1_311' title='bbox 46 2383 141 2409; x_wconf 85' lang='lat' dir='ltr'><strong>cum</strong></span> <span class='ocrx_word' id='word_1_312' title='bbox 168 2367 278 2408; x_wconf 85' lang='lat' dir='ltr'><strong>Flor.</strong></span> <span class='ocrx_word' id='word_1_313' title='bbox 307 2365 434 2407; x_wconf 84' lang='lat' dir='ltr'><strong>Amb.</strong></span> <span class='ocrx_word' id='word_1_314' title='bbox 462 2372 500 2406; x_wconf 85' lang='grc'><strong>2.</strong></span> <span class='ocrx_word' id='word_1_315' title='bbox 532 2366 622 2407; x_wconf 80' lang='lat' dir='ltr'><strong>Par.</strong></span> <span class='ocrx_word' id='word_1_316' title='bbox 645 2371 684 2406; x_wconf 87' lang='lat'><strong>3.</strong></span> <span class='ocrx_word' id='word_1_317' title='bbox 745 2368 850 2421; x_wconf 74' lang='lat' dir='ltr'><strong>quod</strong></span> <span class='ocrx_word' id='word_1_318' title='bbox 880 2373 1074 2424; x_wconf 79' lang='lat' dir='ltr'><strong>coeperint</strong></span> <span class='ocrx_word' id='word_1_319' title='bbox 1102 2370 1192 2410; x_wconf 84' lang='lat' dir='ltr'><strong>l&#39;ar.</strong></span> <span class='ocrx_word' id='word_1_320' title='bbox 1220 2375 1256 2410; x_wconf 89' lang='lat'><strong>1.</strong></span> <span class='ocrx_word' id='word_1_321' title='bbox 1279 2376 1319 2410; x_wconf 83' lang='lat'><strong>2.</strong></span> <span class='ocrx_word' id='word_1_322' title='bbox 1347 2374 1386 2410; x_wconf 84' lang='lat'><strong>5.</strong></span> 
     </span>
    </p>

    <p class='ocr_par' dir='ltr' id='par_1_10' title="bbox 0 2432 1504 2627">
     <span class='ocr_line' id='line_1_33' title="bbox 0 2432 1501 2479; baseline -0.001 -4"><span class='ocrx_word' id='word_1_323' title='bbox 0 2453 1 2475; x_wconf 59' lang='lat'>5</span> <span class='ocrx_word' id='word_1_324' title='bbox 47 2439 254 2476; x_wconf 76' lang='lat' dir='ltr'><strong>succurrit.</strong></span> <span class='ocrx_word' id='word_1_325' title='bbox 313 2432 375 2474; x_wconf 82' lang='lat' dir='ltr'><strong>Ita</strong></span> <span class='ocrx_word' id='word_1_326' title='bbox 407 2434 515 2474; x_wconf 81' lang='lat' dir='ltr'><strong>Flor.</strong></span> <span class='ocrx_word' id='word_1_327' title='bbox 546 2434 673 2474; x_wconf 83' lang='lat' dir='ltr'><strong>Amb.</strong></span> <span class='ocrx_word' id='word_1_328' title='bbox 698 2440 736 2475; x_wconf 86' lang='lat'><strong>1.</strong></span> <span class='ocrx_word' id='word_1_329' title='bbox 756 2442 796 2476; x_wconf 83' lang='lat'><strong>2.</strong></span> <span class='ocrx_word' id='word_1_330' title='bbox 827 2436 918 2478; x_wconf 84' lang='lat' dir='ltr'><strong>Par.</strong></span> <span class='ocrx_word' id='word_1_331' title='bbox 942 2443 979 2478; x_wconf 84' lang='lat'><strong>1.</strong></span> <span class='ocrx_word' id='word_1_332' title='bbox 996 2444 1035 2479; x_wconf 85' lang='lat'><strong>2.</strong></span> <span class='ocrx_word' id='word_1_333' title='bbox 1058 2443 1094 2479; x_wconf 86' lang='lat'><strong>3.</strong></span> <span class='ocrx_word' id='word_1_334' title='bbox 1118 2440 1159 2478; x_wconf 80' lang='grc'><strong>4.</strong></span> <span class='ocrx_word' id='word_1_335' title='bbox 1276 2435 1501 2476; x_wconf 69' lang='lat' dir='ltr'><strong>exordium.</strong></span> 
     </span>
     <span class='ocr_line' id='line_1_34' title="bbox 0 2503 1500 2561; baseline 0.001 -19"><span class='ocrx_word' id='word_1_336' title='bbox 0 2515 1 2552; x_wconf 53' lang='grc' dir='ltr'>ζ</span> <span class='ocrx_word' id='word_1_337' title='bbox 45 2503 198 2554; x_wconf 69' lang='lat' dir='ltr'><strong>DIulia.</strong></span> <span class='ocrx_word' id='word_1_338' title='bbox 229 2503 368 2543; x_wconf 79' lang='lat' dir='ltr'><strong>Turio.</strong></span> <span class='ocrx_word' id='word_1_339' title='bbox 402 2519 423 2541; x_wconf 79' lang='lat' dir='ltr'>a</span> <span class='ocrx_word' id='word_1_340' title='bbox 453 2519 531 2542; x_wconf 84' lang='lat' dir='ltr'><strong>sec.</strong></span> <span class='ocrx_word' id='word_1_341' title='bbox 562 2518 618 2542; x_wconf 88' lang='lat' dir='ltr'><strong>m.</strong></span> <span class='ocrx_word' id='word_1_342' title='bbox 650 2504 823 2543; x_wconf 65' lang='lat' dir='ltr'><strong>exordia</strong></span> <span class='ocrx_word' id='word_1_343' title='bbox 851 2522 928 2557; x_wconf 85' lang='lat' dir='ltr'><strong>m.,</strong></span> <span class='ocrx_word' id='word_1_344' title='bbox 959 2522 1080 2561; x_wconf 84' lang='lat' dir='ltr'><strong>quem</strong></span> <span class='ocrx_word' id='word_1_345' title='bbox 1108 2514 1330 2560; x_wconf 82' lang='lat' dir='ltr'><strong>sequuntur</strong></span> <span class='ocrx_word' id='word_1_346' title='bbox 1359 2503 1500 2556; x_wconf 77' lang='lat' dir='ltr'><strong>Cmnp.</strong></span> 
     </span>
     <span class='ocr_line' id='line_1_35' title="bbox 0 2565 1504 2627; baseline -0.001 -17"><span class='ocrx_word' id='word_1_347' title='bbox 0 2565 2 2581; x_wconf 63' lang='lat'><em>³</em></span> <span class='ocrx_word' id='word_1_348' title='bbox 47 2570 140 2625; x_wconf 81' lang='lat' dir='ltr'><strong>(hic</strong></span> <span class='ocrx_word' id='word_1_349' title='bbox 168 2586 266 2611; x_wconf 81' lang='lat' dir='ltr'><strong>mox</strong></span> <span class='ocrx_word' id='word_1_350' title='bbox 295 2582 362 2609; x_wconf 85' lang='lat' dir='ltr'><strong>aut</strong></span> <span class='ocrx_word' id='word_1_351' title='bbox 390 2570 513 2610; x_wconf 82' lang='lat' dir='ltr'>habet</span> <span class='ocrx_word' id='word_1_352' title='bbox 540 2585 612 2623; x_wconf 87' lang='lat' dir='ltr'><strong>pro</strong></span> <span class='ocrx_word' id='word_1_353' title='bbox 645 2571 796 2626; x_wconf 78' lang='lat' dir='ltr'><strong>autem)</strong></span> <span class='ocrx_word' id='word_1_354' title='bbox 840 2571 975 2614; x_wconf 85' lang='lat' dir='ltr'><strong>Guelf.</strong></span> <span class='ocrx_word' id='word_1_355' title='bbox 1007 2573 1119 2614; x_wconf 80' lang='lat' dir='ltr'><strong>Sich.</strong></span> <span class='ocrx_word' id='word_1_356' title='bbox 1153 2574 1236 2627; x_wconf 86' lang='lat' dir='ltr'><strong>(hic</strong></span> <span class='ocrx_word' id='word_1_357' title='bbox 1277 2589 1344 2612; x_wconf 66' lang='lat' dir='ltr'><strong>cae.</strong></span> <span class='ocrx_word' id='word_1_358' title='bbox 1375 2582 1504 2611; x_wconf 78' lang='lat' dir='ltr'><strong>autem</strong></span> 
     </span>
    </p>
   </div>
   <div class='ocr_carea' id='block_1_8' title="bbox 46 2637 1501 2764">
    <p class='ocr_par' dir='ltr' id='par_1_11' title="bbox 46 2637 1501 2764">
     <span class='ocr_line' id='line_1_36' title="bbox 47 2637 1501 2693; baseline -0.018 10"><span class='ocrx_word' id='word_1_359' title='bbox 47 2637 120 2693; x_wconf 53' lang='grc' dir='ltr'><strong>Μ’)</strong></span> <span class='ocrx_word' id='word_1_360' title='bbox 235 2655 289 2678; x_wconf 64' lang='lat'><strong>⁰⁴⁷⁶</strong></span> <span class='ocrx_word' id='word_1_361' title='bbox 332 2638 424 2678; x_wconf 59' lang='lat' dir='ltr'><strong>“liis</strong></span> <span class='ocrx_word' id='word_1_362' title='bbox 457 2639 638 2693; x_wconf 61' lang='lat' dir='ltr'><strong>Partibus</strong></span> <span class='ocrx_word' id='word_1_363' title='bbox 667 2664 723 2670; x_wconf 64' lang='lat'><strong>-‘</strong></span> <span class='ocrx_word' id='word_1_364' title='bbox 751 2657 906 2681; x_wconf 77' lang='lat' dir='ltr'><strong>causae,</strong></span> <span class='ocrx_word' id='word_1_365' title='bbox 948 2640 1073 2684; x_wconf 81' lang='lat' dir='ltr'><strong>Amb.</strong></span> <span class='ocrx_word' id='word_1_366' title='bbox 1109 2647 1146 2681; x_wconf 91' lang='lat'><strong>1.</strong></span> <span class='ocrx_word' id='word_1_367' title='bbox 1190 2645 1318 2682; x_wconf 75' lang='lat' dir='ltr'><strong>omitt.</strong></span> <span class='ocrx_word' id='word_1_368' title='bbox 1361 2657 1415 2679; x_wconf 66' lang='lat' dir='ltr'><strong>cx</strong></span> <span class='ocrx_word' id='word_1_369' title='bbox 1447 2637 1501 2678; x_wconf 79' lang='lat' dir='ltr'><strong>al.</strong></span> 
     </span>
     <span class='ocr_line' id='line_1_37' title="bbox 46 2707 1500 2764; baseline 0.001 -19"><span class='ocrx_word' id='word_1_370' title='bbox 46 2717 181 2760; x_wconf 67' lang='lat' dir='ltr'><strong>pat-L,</strong></span> <span class='ocrx_word' id='word_1_371' title='bbox 220 2707 364 2746; x_wconf 82' lang='lat' dir='ltr'><strong>deinde</strong></span> <span class='ocrx_word' id='word_1_372' title='bbox 397 2707 520 2747; x_wconf 83' lang='lat' dir='ltr'>habet</span> <span class='ocrx_word' id='word_1_373' title='bbox 551 2718 639 2748; x_wconf 81' lang='lat' dir='ltr'><strong>sunt</strong></span> <span class='ocrx_word' id='word_1_374' title='bbox 667 2718 702 2747; x_wconf 81' lang='lat' dir='ltr'><strong>ct</strong></span> <span class='ocrx_word' id='word_1_375' title='bbox 732 2707 822 2748; x_wconf 76' lang='lat' dir='ltr'><strong>aliis</strong></span> <span class='ocrx_word' id='word_1_376' title='bbox 851 2727 891 2764; x_wconf 85' lang='lat' dir='ltr'><strong>p.</strong></span> <span class='ocrx_word' id='word_1_377' title='bbox 924 2726 986 2763; x_wconf 57' lang='grc' dir='ltr'><strong>(κς</strong></span> <span class='ocrx_word' id='word_1_378' title='bbox 1026 2712 1209 2750; x_wconf 70' lang='lat' dir='ltr'><strong>similiter</strong></span> <span class='ocrx_word' id='word_1_379' title='bbox 1248 2707 1348 2750; x_wconf 72' lang='lat' dir='ltr'><strong>Lon.</strong></span> <span class='ocrx_word' id='word_1_380' title='bbox 1391 2708 1500 2748; x_wconf 80' lang='lat' dir='ltr'>Ven.</span> 
     </span>
    </p>
   </div>
  </div>
 </body>
</html>
