1721 2974
396 152 449 193 ad
481 152 642 208 Quinzil.
672 152 800 192 Instit.
833 150 910 199 VJ,
951 157 988 192 2.
1019 152 1054 201 §.
1085 154 1251 193 5—14.
1466 161 1541 199 321

212 270 246 318 §.
280 272 347 308 11.
407 284 493 309 cum
513 291 569 299 --
587 268 738 308 vocari.
795 264 919 306 Amb.
943 271 981 306 1.
1011 281 1098 305 cum
1127 280 1183 305 cx
1214 267 1242 306 i.
1272 283 1304 307 e.
1325 267 1364 308 h.
1391 269 1419 312 Ζ.
1450 273 1551 313 nihil

98 350 174 374 non
193 336 243 375 ab
272 335 390 393 —f
423 352 472 375 ac
502 352 539 375 n.
567 334 603 390 f*
634 335 800 374 discitur
829 335 903 374 lzoc
930 349 968 373 v.
1025 331 1133 374 Flor.
1163 349 1249 373 cum
1267 350 1322 373 em
1342 338 1384 384 i„
1417 349 1544 380 cetera

95 412 142 442 ut
180 404 315 443 editio.
380 403 471 443 Par.
501 408 541 443 2.
586 403 751 442 exhibet
789 401 940 441 dicitur·
980 403 1089 453 ηθος
1137 416 1209 454 pro
1250 402 1415 443 discitur
1454 407 1541 449 huc.

96 469 205 522 [Res
235 474 356 524 igitur
387 472 568 510 confecta
600 473 696 521 erit,
744 472 779 510 si
807 472 1028 522 scripseris:
1078 468 1208 518 Nam,
1260 486 1347 510 cum
1383 489 1438 512 cx
1475 476 1544 517 illo

95 548 131 576 et
160 538 235 578 hoc
265 538 350 578 loco
381 537 482 577 nilzil
508 554 584 577 non
614 539 662 577 ab
691 549 849 578 oratore
877 547 1086 588 iractetur,
1137 536 1324 592 quidquid
1351 539 1398 579 de
1426 542 1545 582 lione..

94 608 166 644 stis
206 616 242 645 et
281 605 461 654 utilibus,
519 604 678 659 denique
710 605 919 661 faciendis
967 616 1001 643 et
1042 620 1118 643 non
1141 604 1349 661 faciendis
1383 608 1542 662 (licitur,

97 667 205 725 ἦθος
232 675 370 713 vocari
394 683 531 727 potest.
601 671 715 723 Quid
743 675 794 712 sit
823 688 878 711 em
908 671 979 712 illo
1009 683 1043 711 et
1071 673 1146 711 lzoc
1174 672 1261 713 loco
1289 677 1413 716 miror
1439 678 1545 720 diffi-

94 743 170 779 cile
199 743 331 780 visum
361 756 442 779 esse
471 743 776 793 interpretibus,
822 742 892 793 qui
921 743 1153 793 saepissime·
1177 743 1284 795 apud
1313 740 1460 794 Quint.
1495 747 1544 787 de

92 817 262 863 utroque
292 809 435 861 agendi
463 810 554 847 loco
582 809 787 860 legissent.
836 805 1004 847 Dictum
1034 817 1091 847 est
1121 810 1170 848 de
1199 819 1371 866 utroque
1401 822 1545 867 actore,

92 878 163 929 qui
199 878 297 928 petit
337 885 375 914 et
404 877 512 914 unde
541 879 713 930 petitur,
759 877 826 915 vel
856 883 1084 914 accusatore
1115 885 1153 917 et
1181 893 1271 928 reo,
1322 894 1543 939 eorumque

90 943 309 995 patronis.]

203 1012 239 1062 ξ.
275 1016 341 1050 12.
409 1020 526 1065 atque
563 1034 621 1042 —
658 1011 826 1050 inierim.
893 1008 1034 1065 Camp.
1084 1022 1200 1065 atque
1247 1012 1323 1054 hoc
1366 1016 1435 1055 sed
1472 1020 1543 1060 int,

89 1075 200 1118 Flor.
233 1081 309 1131 ηθ.
339 1078 408 1117 sed
437 1082 504 1118 ini.
617 1081 681 1117 sit.
744 1077 886 1132 Camp.
919 1081 990 1119 sic.
1104 1079 1273 1121 diversa.
1332 1080 1456 1125 Goth.
1481 1085 1547 1125 cli-

89 1148 188 1186 visa.
301 1149 484 1186 concitat.
544 1145 670 1186 Amb.
705 1151 742 1186 1.
787 1144 896 1186 Flor.
939 1149 1062 1186 etiam
1101 1150 1326 1189 concitavit.
1443 1151 1548 1193 Pro-

87 1216 186 1268 prie.
244 1212 312 1254 Sic
343 1218 463 1254 etiam
490 1213 617 1254 Amb.
644 1219 681 1254 1.
716 1212 827 1254 Flor.
867 1214 960 1255 Par.
991 1220 1033 1255 2.
1090 1213 1152 1255 At
1181 1215 1319 1257 Turic.
1346 1222 1546 1274 propriae.

172 1294 301 1321 tamen
329 1307 385 1313 —-
414 1293 482 1323 est.
545 1282 611 1322 Sic
643 1285 764 1321 etiam
789 1281 916 1322 Amb.
950 1288 987 1323 1.
1018 1281 1128 1324 Flor.
1171 1282 1263 1324 Par.
1293 1290 1333 1325 2.
1448 1304 1547 1343 qua-

90 1360 208 1389 tenus.
266 1349 403 1391 Turio.
441 1353 634 1405 quatinus.
740 1361 816 1389 sat.
847 1349 987 1407 signif.
1046 1349 1170 1392 Goth.
1200 1354 1321 1393 inser.
1349 1354 1459 1396 mihi.

89 1420 323 1474 significari.
380 1417 490 1458 Flor.
523 1421 644 1457 etiam
674 1419 914 1473 significare.

207 1488 244 1536 §.
278 1491 344 1528 13.
405 1486 594 1540 quodque.
650 1484 775 1525 Amb.
811 1491 848 1526 1.
889 1502 1084 1541 quaeque,
1132 1488 1242 1540 prius
1271 1503 1420 1544 quoque
1449 1506 1545 1533 cum.

91 1556 230 1595 Guelf.
345 1572 371 1594 α
403 1554 631 1594 dicentibus-
690 1552 800 1594 Flor.
831 1556 955 1593 etiam
985 1553 1259 1595 adicientibus.
1316 1555 1408 1598 Par.
1442 1564 1481 1599 1.
1499 1566 1542 1602 2.

90 1626 213 1662 etiam
242 1639 268 1662 a
296 1621 534 1663 docentibus.
637 1624 781 1678 flucre.
818 1620 974 1662 'Tm-ic.
1008 1636 1031 1660 a
1057 1638 1118 1675 pr.
1149 1638 1206 1662 m.
1224 1625 1383 1678 flueret.
1430 1625 1465 1667 F
1466 1629 1544 1669 lor.

89 1706 114 1729 a
141 1706 202 1744 pr.
234 1706 291 1730 m.
308 1693 493 1747 fluerent.
617 1688 916 1746 quodammodo.
975 1687 1112 1729 Turio.
1143 1690 1358 1745 quosdam,
1407 1706 1432 1734 a
1461 1710 1543 1737 seo.

86 1773 142 1799 ln.
173 1757 353 1813 quodam.

202 1828 238 1878 §.
272 1826 339 1866 14.
399 1827 563 1879 quoiies.
599 1822 726 1864 Amb.
751 1829 788 1864 1.
821 1826 1009 1879 quotiens.
1103 1824 1293 1883 ferimuS.
1333 1826 1402 1869 Sic
1421 1830 1544 1872 etiam

88 1892 215 1934 Amb.
245 1898 283 1933 1.
323 1891 415 1933 Par.
443 1898 482 1933 2.
595 1892 838 1948 praeferunt.
897 1891 965 1933 Sic
996 1895 1119 1933 etiam
1146 1893 1274 1934 Amb.
1310 1901 1349 1936 1.
1378 1896 1469 1938 Par.
1503 1905 1541 1941 1.

178 1976 308 1999 eorum
337 1962 409 2014 ips.
460 1957 595 2000 Guelf.
627 1962 808 1999 ordinem
835 1970 979 2001 mutat.
1092 1960 1309 2003 laeduntur.
1355 1962 1484 2006 Amb.
1504 1970 1541 2006 1.

90 2043 252 2084 quoque
291 2026 495 2068 laedimur.
622 2027 725 2081 quod
763 2044 909 2067 amare.
957 2027 1095 2068 Turio.
1133 2044 1157 2069 a
1191 2045 1251 2083 pr.
1283 2045 1340 2071 m.
1371 2031 1544 2087 quodam

90 2113 236 2137 amare.
352 2095 435 2135 alia
464 2111 550 2135 cum
578 2097 725 2134 vitium.
771 2093 840 2135 Sic
871 2098 993 2135 etiam
1022 2095 1056 2136 F
1057 2100 1131 2136 lor.
1163 2112 1186 2136 a
1215 2113 1276 2151 pr.
1306 2114 1389 2151 m..·,
1427 2102 1497 2140 sed
1517 2116 1542 2142 a

88 2180 167 2205 sec.
199 2180 255 2205 m.
288 2180 381 2205 cum
411 2162 590 2203 Amb.1.
623 2161 742 2202 alieni
770 2165 1002 2205 convicium.
1057 2162 1148 2205 Par.
1184 2169 1221 2205 1.
1253 2181 1289 2205 α.
1319 2169 1418 2208 enim
1447 2185 1544 2211 con..

88 2236 245 2273 vicium.
348 2231 455 2289 firi.
514 2229 624 2272 Flor.
657 2233 778 2271 etiam
795 2230 914 2287 fierit.

203 2300 440 2354 [Praeclare
479 2298 622 2339 Ambr.
654 2303 690 2338 1.
721 2314 807 2338 cum
835 2314 957 2339 senex
987 2298 1244 2341 adolescentis
1263 2301 1382 2343 alieni
1417 2303 1470 2357 (i.
1500 2321 1538 2347 e.

90 2383 175 2409 non
203 2371 276 2408 filij
304 2372 390 2421 sui,
444 2369 494 2408 de
522 2383 602 2424 quo
635 2365 780 2421 antea)
825 2370 1064 2420 convicium,
1123 2369 1301 2410 honestus
1337 2373 1374 2410 in
1400 2374 1541 2413 erioris

80 2436 195 2495 fert5
241 2440 321 2489 jam
352 2440 462 2477 enim
489 2440 558 2492 qui
584 2438 776 2475 molestus
807 2436 936 2476 fuerat
963 2439 1178 2477 verborum
1208 2438 1330 2488 ordo,
1379 2442 1540 2493 elegans

92 2507 150 2545 fit.
207 2501 257 2543 Iu
294 2506 342 2545 iis
380 2514 514 2545 autem
554 2519 657 2560 quae
696 2512 965 2558 sequuntur„
990 2519 1074 2545 non
1113 2506 1271 2545 videtur
1301 2508 1350 2544 ab
1375 2509 1538 2561 ingenio

93 2575 281 2613 sermonis
319 2572 459 2615 Latini
496 2573 733 2624 abhorrere,
785 2579 831 2613 ut
868 2574 1061 2614 concitari
1099 2582 1139 2615 et
1177 2573 1290 2631 affici
1316 2575 1404 2615 sine
1430 2585 1537 2618 certo

92 2643 266 2692 subjecto
294 2642 597 2699 intelligantur]

141 2710 238 2747 Tom.
288 2708 331 2744 V·
1033 2706 1081 2750 X
