1721 2974
271 158 325 197 acl
357 157 518 211 Quinlil.
547 157 676 197 Instit.
703 155 763 206 11,
796 160 861 196 13.
888 156 924 208 §.
948 158 1119 195 6·-17.
1160 156 1226 196 14.
1244 156 1280 207 §.
1304 159 1443 196 1—3.
1532 159 1586 198 95

244 275 280 326 §.
319 273 383 312 14.
431 272 533 329 fuit.
582 270 715 328 fito-it
745 272 868 311 etiam
895 268 1003 309 Flor.
1044 267 1168 309 Paris.
1194 274 1234 308 2.
1259 273 1297 308 5.
1329 267 1471 322 Camp.

132 341 244 393 alligu
268 358 340 380 mc.
400 357 459 379 me
479 339 549 379 all.
586 340 727 393 Camp.
844 347 999 378 vocant.
1058 338 1235 376 vocitant
1262 334 1391 376 Amb.
1420 341 1476 387 1.,
1504 352 1589 377 11011

133 413 254 449 male.
364 419 439 452 -aut
475 407 624 447 subrui.
671 406 810 447 Turio.
850 405 957 447 Flor.
997 403 1113 444 Alm.
1155 401 1276 444 Bodl.
1314 401 1443 445 Aan.
1477 410 1514 444 1.
1543 412 1586 447 2.

133 476 274 531 Camp.
307 476 417 518 Jens.
449 484 489 515 et
515 483 619 529 post.
651 483 745 515 aute
774 473 875 516 Sich
902 483 939 513 et
968 471 1116 512 subrui.

247 558 282 609 §.
320 559 386 597 15.
445 570 504 594 ex
544 554 621 593 his.
675 570 731 593 ex
773 556 824 593 iis
865 551 988 595 Goth.
1029 565 1121 592 cum
1151 550 1261 592 Jens.
1293 560 1334 592 et
1362 561 1464 606 post.
1495 562 1589 592 ante

133 623 248 665 Sich.
364 622 563 678 plurimis,
624 620 686 662 Ita
713 620 821 662 Flor.
855 620 997 675 Camp.
1038 622 1130 660 fort.
1166 617 1296 660 ,Amb.
1320 624 1358 659 1.
1471 635 1592 675 prae-

132 695 289 732 semiss.
345 699 564 746 praestant.
592 687 713 730 Bodl.
745 689 854 730 Jens.
888 697 928 730 et
956 697 1059 743 post.
1090 696 1184 728 ante
1201 686 1307 729 Bad.
1367 685 1591 744 Receptam

133 766 298 799 tuentur
326 768 485 813 praeter
513 761 611 798 alios
641 756 779 799 Guelf.
811 756 936 799 Goth.
970 755 1113 810 Camp.

251 839 289 889 §.
325 843 390 880 16.
449 854 476 878 a
504 854 596 893 qua.
656 853 758 892 qua,
805 852 887 878 om.
931 853 958 876 a
985 835 1139 876 habent
1169 837 1292 875 etiam
1319 833 1427 876 Flor.
1459 850 1482 875 a
1510 852 1590 877 sec.

133 922 188 947 m.
219 906 346 950 Amb.
371 911 408 946 1.
431 912 471 947 2.
503 922 603 961 quae
630 903 741 961 (om.
765 904 814 960 a)
846 904 954 945 Flor.
987 919 1085 957 apr.
1107 918 1164 944 m.
1196 902 1337 957 Camp.
1369 920 1395 943 α
1413 920 1490 958 qua
1510 908 1592 955 jam

134 976 327 1015 dederant
356 975 466 1014 Sich.
501 973 634 1015 Colin.
698 973 862 1013 Pottier.
894 976 1052 1012 notavit
1089 987 1169 1026 qua
1194 971 1304 1027 (om.
1338 970 1406 1029 a.)
1437 987 1518 1012 esse
1548 976 1593 1012 in

133 1042 258 1083 I'aris.
287 1048 324 1084 1..
350 1048 391 1083 2.
416 1048 455 1083 5.
488 1050 528 1081 et
559 1040 700 1095 Camp.
728 1041 799 1081 sed
826 1041 938 1096 quod
968 1040 1019 1080 ad
1045 1039 1153 1080 hano
1182 1040 1350 1095 quidem
1373 1040 1593 1080 editionem

134 1114 301 1163 attinet,
349 1113 470 1163 longe
509 1110 614 1149 mihi
649 1111 772 1163 ipsius
813 1108 1043 1162 Spaldingii
1081 1108 1177 1148 fides
1219 1112 1591 1162 est‚praestantior.

220 1188 449 1219 monstrent.
509 1188 697 1218 monstret
723 1177 831 1218 Flor.
862 1176 982 1217 Voss.
1009 1181 1049 1217 3.
1082 1174 1206 1216 Goth.
1323 1186 1503 1216 stratum.
1559 1178 1596 1215 si

136 1263 268 1284 rarum
299 1245 426 1286 Amb.
449 1250 487 1287 1.
521 1261 543 1286 a
568 1261 646 1287 sec.
673 1261 730 1286 m.
848 1247 1068 1285 circumire.
1129 1245 1301 1284 circuire
1326 1242 1435 1285 Flor.
1468 1242 1593 1287 Goth.

136 1313 239 1355 Obr.
272 1323 312 1354 et
341 1317 496 1369 aliquot
524 1314 615 1354 edd.
644 1322 770 1366 vett.;
815 1314 886 1354 sed
911 1312 1039 1354 Amb.
1069 1317 1107 1352 1.
1140 1314 1364 1354 circumire.

250 1397 286 1446 §.
322 1397 387 1433 17.
451 1392 562 1445 Quae
584 1403 686 1433 sunt.
748 1391 799 1444 Q.
821 1394 900 1432 sint
929 1395 1051 1433 etiam
1068 1390 1177 1433 Flor.
1195 1390 1325 1433 Amb.
1345 1397 1385 1434 2.
1409 1391 1535 1433 Paris.
1552 1399 1593 1435 2.

138 1459 280 1514 Camp.
326 1462 417 1501 fort.
460 1459 590 1501 Amb.
624 1465 662 1501 1.
720 1470 810 1500 suni
846 1462 1000 1515 primus
1039 1460 1151 1500 dedit
1189 1458 1321 1501 Colin.
1355 1469 1395 1500 et
1430 1477 1513 1501 esse
1551 1464 1597 1501 ἰιι

134 1528 259 1570 Paris.
287 1534 324 1570 1.
347 1528 388 1569 4.
418 1529 541 1569 tradit
566 1527 735 1571 Pottier.
854 1543 910 1568 ex
931 1527 1006 1569 his.
1065 1543 1122 1567 ex
1140 1531 1190 1568 iis
1216 1526 1343 1570 Goth.
1367 1544 1462 1569 cum
1484 1528 1594 1570 Jens.

136 1607 176 1636 et
213 1606 314 1650 post.
354 1605 447 1637 ante
486 1596 600 1638 Sich.
716 1599 757 1636 si
795 1613 875 1653 qua
910 1599 1035 1638 etiam
1071 1594 1181 1638 Flor.
1221 1595 1350 1639 Amb.
1374 1602 1415 1640 2.
1451 1595 1594 1653 Camp.

133 1665 246 1706 Sich.
280 1664 368 1706 Col.
400 1664 504 1707 Obr.
536 1667 630 1707 fort.
659 1663 788 1706 Amb.
814 1670 853 1707 1.

683 1787 717 1831 c
750 1803 778 1830 A
809 1773 851 1831 fg
906 1787 1054 1831 xlv.

250 1880 288 1930 §.
323 1884 362 1921 1.
422 1876 668 1921 tentaverint.
737 1891 969 1936 temptarent
1013 1879 1153 1922 Turio.
1192 1879 1302 1921 Flor.
1371 1882 1598 1935 temptarint

136 1945 263 1987 Amb.
277 1953 315 1988 1.
331 1953 370 1988 2.
391 1945 515 1988 Bern.
538 1947 682 2002 Camp.
743 1958 987 1989 tentaverunt
1008 1948 1118 1989 Jens.
1140 1957 1179 1989 et
1196 1957 1299 2003 post.
1321 1957 1415 1988 ante
1435 1948 1595 2003 Gryph.

224 2030 280 2053 ex
313 2014 479 2056 Graeco.
540 2032 560 2055 e
602 2015 755 2058 Graeco
794 2016 935 2058 Turio.
976 2032 1000 2057 a
1029 2032 1106 2057 sec.
1129 2032 1186 2057 m.
1219 2014 1358 2071 (prius
1387 2025 1472 2056 erat
1498 2015 1595 2073 est).

135 2098 192 2123 ex
224 2098 292 2123 om
323 2085 446 2123 etiam
472 2081 602 2124 Amb.
622 2089 662 2125 2.
778 2087 860 2124 suis
886 2087 1031 2154 utique.
1085 2095 1142 2126 ut.
1174 2087 1259 2123 suis
1286 2083 1414 2125 Amb.
1444 2089 1482 2125 1.

252 2162 291 2213 §.
322 2168 363 2203 2.
422 2160 571 2202 Flavii.
622 2161 762 2205 Plauti
787 2168 911 2206 etiam
927 2163 1037 2206 Flor.
1068 2162 1198 2204 Amb.
1217 2168 1259 2204 2.
1288 2161 1415 2204 Paris.
1437 2166 1474 2203 1.
1491 2167 1532 2204 2.
1556 2167 1595 2203 3.

137 2230 244 2286 (tac.
267 2229 435 2271 Pottier.
457 2230 507 2270 de
519 2231 694 2286 'ceteris)
727 2232 870 2287 Camp.
903 2232 1006 2274 Obr.
1036 2234 1129 2273 fort.
1160 2229 1286 2273 Amb.
1314 2235 1354 2271 1.
1470 2246 1599 2270 essen-

135 2301 196 2339 tia
225 2309 342 2353 atque
375 2300 491 2338 entia.
552 2315 625 2340 ess,
664 2310 702 2339 et
727 2317 828 2355 quae
858 2303 963 2340 entia
991 2299 1115 2341 Amb.
1138 2304 1179 2341 2.
1208 2298 1330 2340 Voss.
1358 2303 1396 2339 1.
1456 2314 1529 2340 ess.
1561 2309 1598 2338 et

136 2369 317 2421 queeniia
345 2364 471 2406 Aan.
500 2372 538 2408 1.
656 2369 852 2424 qffbretur.
912 2369 1075 2425 qffkrtur
1112 2366 1240 2408 Amb.
1275 2371 1315 2408 1.
1353 2369 1470 2408 Voss.
1491 2372 1529 2408 1.
1556 2371 1596 2410 3.

137 2449 235 2474 cum
261 2433 372 2475 Jens.
405 2442 447 2474 et
472 2437 674 2491 plerisque
702 2445 826 2488 vett.‚
865 2452 952 2478 exc.
983 2435 1086 2481 Ald.
1116 2435 1230 2478 Sich.

253 2514 293 2565 §.
326 2518 365 2555 3.
424 2525 467 2553 ut
496 2518 625 2554 navis.
681 2526 724 2555 ut
754 2531 835 2557 om.
866 2514 989 2558 Amb.
1014 2522 1051 2557 1.
1081 2530 1177 2556 cum
1201 2513 1320 2556 Voss.
1344 2498 1404 2555 3.ἃ
1499 2529 1599 2569 qua-

137 2580 190 2620 lis
217 2592 288 2621 est.
348 2598 449 2636 quae
476 2593 533 2622 est
570 2584 670 2625 dant
709 2586 831 2625 etiam
860 2583 970 2626 Flor.
1001 2582 1124 2625 Amb.
1148 2589 1190 2625 2.
1227 2581 1353 2625 Paris.
1379 2586 1418 2623 1.
1452 2579 1595 2636 Camp.

137 2646 361 2704 Receptam
391 2651 606 2693 defendere
633 2653 793 2696 videtur
819 2650 944 2696 Amb.
968 2658 1006 2695 1.
1020 2683 1033 2708 ,
1072 2655 1146 2709 qui
1172 2666 1258 2695 non
1285 2659 1548 2693 memoratur.
