1721 2974
140 212 193 248 46
569 209 842 265 Supplemcnta
885 210 1147 249 annotationis

141 321 264 361 Paris.
292 327 330 362 1.
364 321 503 378 Camp.
535 321 663 364 Andr.
779 334 819 362 ut
837 321 935 379 firo
966 320 1051 360 iuli.
1109 321 1322 376 EgregIam
1351 325 1583 378 scripturam

139 391 207 429 dat
235 387 354 429 Amb.
379 396 415 431 1.
475 402 515 430 nt
555 391 617 430 illi
641 391 761 447 jin-o,
813 393 954 430 omisso
993 388 1088 438 tuli,
1139 391 1248 445 quod
1283 394 1476 444 glossema
1504 396 1584 444 jam

140 456 261 498 Gesn.
290 458 501 511 judicavit3
556 460 695 498 eodem
737 459 868 507 ducit,
923 457 1032 510 quod
1061 455 1198 498 Turio.
1230 473 1253 497 a
1283 474 1343 512 pr.
1376 474 1430 499 m.
1469 458 1581 500 Flor.

139 523 274 565 Guelf.
332 534 620 579 transponunt:
671 524 746 563 iuli
771 523 882 580 scr-o.
951 520 1121 563 Accedit
1160 528 1280 565 etiam
1321 526 1423 576 hoc,
1476 528 1585 580 quod

136 601 292 643 noster,
338 597 520 647 quotiens
562 595 816 645 exemplum,
871 592 980 645 quod
1019 594 1209 632 allaturus
1248 602 1328 644 est,
1375 595 1585 632 universae

137 661 300 712 periodo
334 663 454 699 inseri
494 664 656 715 nequit,
705 658 770 697 illc
807 673 956 710 ponere
991 661 1112 709 solet,
1164 669 1210 699 ut
1239 664 1274 712 ξ.
1301 665 1366 700 10.
1425 659 1586 700 Deinde

137 727 213 766 iuli
241 742 324 766 non
353 731 443 767 satis
475 738 564 781 apte
594 731 697 766 inter
726 728 872 778 primas
900 728 1114 778 positiones
1140 737 1394 777 numeratur,
1425 728 1473 766 de
1493 730 1588 782 qui-

137 798 209 834 bus
239 804 378 834 tamen
409 797 587 849 loquitur
619 791 763 843 Quint.
824 789 1013 831 Concidit
1051 795 1197 844 igitur,
1245 803 1405 847 recepta
1443 797 1590 848 egregii

137 864 281 902 codicis
321 865 536 915 scriptura,
594 859 823 913 Spaldingii
867 862 1103 912 explicatio,
1151 874 1255 913 quae
1290 863 1425 901 nescio
1466 876 1589 916 quem

137 945 310 969 errorem
355 933 557 979 continet,
613 930 728 981 quasi
769 929 818 966 ab
853 942 899 966 eo
931 927 1040 981 quod
1071 936 1128 965 est
1158 925 1235 965 tuli
1262 930 1367 967 ultra
1394 931 1589 982 praeteri-

136 1008 223 1038 tum
262 1000 482 1050 perfectum
518 995 625 1034 nihil
660 997 902 1034 inveniatur.
962 993 1017 1032 Et
1047 993 1207 1033 ulterius
1236 997 1409 1035 breviter
1433 997 1588 1036 dictum

136 1075 194 1105 est
222 1079 292 1118 pro
322 1067 484 1117 reliquis
514 1065 759 1115 temporibus
791 1077 814 1101 a
842 1064 1017 1115 perfecto
1049 1062 1287 1101 derivandis.

133 1149 219 1187 spes
235 1131 340 1186 plur.
366 1129 524 1181 Guelf.,
564 1139 610 1168 ut
632 1129 753 1170 Tarv.
779 1129 887 1170 Ven.
920 1139 959 1169 et
988 1130 1077 1169 edd.
1110 1139 1202 1169 ante
1232 1129 1361 1170 Stoer.
1390 1133 1584 1188 reliquae.

219 1210 254 1237 ct
277 1215 385 1237 ruere
408 1201 528 1237 etiam
549 1195 645 1237 Ald.
666 1196 777 1238 Sich.
808 1196 898 1237 Par.
921 1202 959 1237 1.
982 1202 1020 1237 5.
1048 1202 1085 1237 6.
1121 1194 1264 1250 Camp.
1296 1206 1335 1237 et
1362 1199 1501 1250 codd„
1540 1208 1587 1239 ut

132 1268 312 1318 videtur,
354 1269 490 1305 Turio.
524 1264 634 1305 Flor.
739 1275 774 1304 et
801 1264 860 1304 ‘irc
888 1267 1008 1304 etiam
1038 1263 1131 1306 Par.
1162 1271 1203 1306 2.
1247 1264 1344 1320 (qui
1375 1267 1458 1304 fere
1487 1280 1588 1305 con-

133 1339 256 1388 spirat
288 1349 380 1374 cum
408 1331 529 1373 Goth.
563 1342 601 1372 et
631 1332 750 1373 Voss.
774 1331 842 1386 2.)
902 1343 938 1370 ct
960 1349 1097 1385 urgere
1124 1331 1245 1373 Amb.
1264 1337 1301 1372 1.
1383 1333 1561 1386 patiendi
1571 1349 1588 1386 ‚-
1644 1324 1652 1331 .

133 1406 188 1442 ita
227 1405 312 1442 sine
355 1403 477 1440 dubio
514 1403 641 1439 nostri
679 1401 793 1440 codd.
836 1415 996 1452 omnes3
1048 1402 1190 1440 diserte
1222 1401 1385 1439 affertur
1416 1400 1527 1442 Flor.

249 1474 284 1522 ξ.
309 1474 377 1510 27.
416 1478 569 1506 senatus
589 1470 739 1506 senatui
757 1469 882 1505 senati
902 1484 953 1506 an
971 1478 1126 1506 senalus
1145 1465 1268 1507 Amb.
1282 1473 1338 1518 2.‚
1359 1469 1481 1520 unde,
1501 1472 1587 1509 solo

132 1540 282 1576 senatui
309 1545 533 1589 expuncto,
575 1537 742 1574 efficitur
763 1550 809 1574 ea
830 1538 1046 1587 scriptura,
1088 1551 1209 1591 quam
1244 1533 1383 1587 Spald.
1412 1539 1587 1589 optabat.

131 1605 221 1645 Par.
249 1609 284 1644 6.
308 1615 463 1643 senatus
485 1605 636 1642 senatui
655 1619 706 1641 αη
725 1605 849 1640 senati
872 1613 1038 1642 senatus.
1154 1601 1236 1642 vicl.
1261 1601 1341 1640 dici
1367 1601 1478 1644 Flor.

248 1674 280 1726 ᾗ.
314 1677 381 1712 28.
442 1670 509 1710 Ac
549 1670 596 1708 cle
634 1669 822 1723 analogia
858 1669 922 1708 vel
949 1672 1120 1710 nimium.
1179 1669 1297 1709 Haec
1326 1668 1452 1710 Paris.
1479 1675 1516 1711 1.
1548 1681 1589 1713 et

133 1741 223 1779 edd.
262 1755 284 1778 a
324 1738 463 1791 Camp.
504 1753 630 1792 usque
661 1739 711 1777 ad
741 1737 852 1778 Sich.
916 1737 981 1776 vel
1008 1740 1136 1777 omitt.
1172 1741 1292 1777 etiam
1320 1735 1442 1778 Amb.
1476 1744 1513 1779 1.
1544 1745 1585 1780 2.

132 1806 272 1847 Turio.
322 1805 434 1846 Flor.
489 1804 628 1859 Camp.
678 1806 768 1845 edd.
809 1815 954 1858 poster.
1000 1814 1092 1845 ante
1142 1803 1297 1858 Gryph.
1414 1808 1586 1847 nimium.

132 1875 262 1929 Eiym.
305 1872 443 1914 Turic.
484 1872 606 1913 Paris.
641 1878 679 1913 1.
750 1876 935 1911 nimirum
974 1872 1151 1928 etymol„
1206 1882 1252 1912 ut
1303 1872 1463 1926 Camp„
1516 1877 1588 1928 qui

131 1952 334 1996 praeterea
376 1944 513 1980 inserit
554 1951 602 1980 et.
738 1956 792 1979 ex·
831 1940 947 1979 verbo
959 1957 973 1991 ‚-
1025 1943 1081 1979 ita
1132 1943 1253 1980 etiam
1298 1939 1437 1981 Turio.
1477 1940 1587 1982 Flor.

130 2008 252 2049 Amb.
278 2015 310 2049 1.
343 2006 484 2062 Camp.
602 2018 744 2047 vocant
775 2010 895 2047 etiam
926 2006 1065 2060 Camp.

243 2082 279 2130 ξ.
312 2082 379 2118 29.
437 2093 547 2115 usum
575 2092 656 2115 nec.
690 2074 786 2129 aliq,
816 2075 925 2114 Flor.
1040 2091 1125 2113 cum
1150 2084 1242 2114 ante
1273 2075 1339 2118 M.
1369 2074 1473 2116 Coel.
1507 2090 1586 2116 om.

130 2143 252 2185 Amb.
278 2151 314 2185 1.
430 2144 549 2184 ducta
575 2143 695 2200 fiwg-
739 2140 879 2182 Turic.
915 2141 1026 2182 Flor.
1057 2139 1179 2182 Amb.
1204 2147 1241 2182 1.
1285 2141 1425 2196 Camp.
1455 2140 1587 2184 Andr.

130 2212 248 2253 Bodl.
277 2211 388 2252 Alm.

246 2283 277 2334 ξ.
313 2286 378 2320 30.
433 2278 649 2334 aliquando
681 2279 908 2318 cons.servit
927 2280 1048 2316 etiam
1072 2275 1196 2316 Paris.
1215 2282 1254 2317 2.
1273 2275 1384 2316 Flor.
1409 2274 1531 2318 Amb.
1547 2283 1585 2318 1.

129 2347 263 2401 (Flor.
301 2358 339 2387 et
371 2351 454 2400 ipse
484 2356 685 2400 receptam
726 2348 955 2398 subjungit,
1004 2354 1050 2384 ut
1090 2342 1256 2397 Turio.)
1314 2343 1471 2399 aliaque
1498 2356 1587 2384 sunt

132 2432 230 2469 quac
262 2432 366 2456 cons,
398 2417 569 2459 serviunt
603 2414 744 2467 Camp.
807 2413 944 2454 Turio.
986 2428 1009 2451 a
1047 2427 1102 2452 m.
1135 2427 1213 2451 sec.
1274 2409 1398 2452 Paris.
1434 2418 1471 2453 1.
1506 2412 1586 2452 ali-

133 2482 286 2536 quando
330 2482 598 2522 consuetudini
637 2485 759 2520 servit
799 2480 956 2535 aliaque
995 2497 1093 2535 quae
1131 2482 1360 2519 inserviunt.
1401 2479 1525 2520 Paris.
1559 2483 1583 2521 5

131 2559 332 2602 receptam
382 2559 528 2589 tuetur.
657 2548 930 2602 Triquaclram
973 2547 1113 2601 Camp.
1156 2546 1276 2588 Tarv.
1320 2546 1428 2587 Ven.
1478 2546 1580 2588 Obr.

131 2615 268 2656 Turio.
302 2631 324 2655 a
353 2631 407 2655 m.
439 2632 515 2657 sec.
579 2619 814 2670 iriquum-am
842 2616 962 2656 Voss.
991 2621 1032 2656 2.

249 2685 284 2734 §.
319 2689 383 2724 31.
447 2686 526 2722 siz-c
557 2683 631 2723 illa
665 2700 731 2724 cx.
793 2688 831 2723 si
854 2683 926 2723 illa
946 2685 1026 2723 sive
1045 2697 1101 2722 cx
1130 2681 1265 2723 Turio.
1296 2681 1401 2722 Flor.
1438 2680 1578 2736 Camp.
