1721 2974
5 2773 7 2778 .
0 2653 7 2730 ..naz-2
5 2634 7 2650 -

366 179 419 220 ad
449 178 612 232 Quintil.
643 178 772 219 Instit.
802 177 891 228 m,
932 183 969 217 1.
1005 179 1040 230 ς.
1069 182 1184 217 11-
1203 183 1269 220 19.
1459 184 1536 219 117

175 309 256 333 esse
283 303 432 334 tacere.
484 308 563 332 esse
590 309 631 332 se
661 303 789 332 tacere
816 290 940 332 Amb.
965 296 1002 331 1.
1034 305 1056 330 a
1083 306 1162 331 seo.
1192 305 1246 330 m.
1275 289 1396 332 Tarv.
1426 293 1532 333 Ven.

91 358 189 401 Ald.
305 359 532 401 Isocratem.
594 359 798 400 Isocraten
824 358 948 399 Amb.
971 364 1032 409 1.‚
1071 367 1117 397 ut
1145 373 1275 410 saepe.

204 428 242 479 §.
275 432 340 469 15.
395 428 619 467 studiosius.
678 427 817 468 TurIO.
857 443 879 467 a
907 443 965 481 pr.
995 441 1050 466 m.
1079 425 1295 475 stucliosus,
1317 464 1319 467 ,
1341 426 1450 465 unde
1479 429 1533 465 al.

91 509 147 536 m.
176 497 271 534 fecit
299 494 520 545 studiosos3
567 503 606 534 et
634 497 690 534 ita
721 494 860 548 Camp.
972 493 1208 547 philosophi.
1266 492 1536 547 philosophiae

89 560 226 601 Turio.
266 561 374 601 Flor.
417 561 531 602 Alm.
581 560 707 601 Amb.
742 567 778 602 1.
819 561 958 616 Gamp.
1075 562 1259 601 rhetores.
1327 560 1535 601 rhetorices

88 627 215 669 Amb.
247 633 285 668 1.
328 626 404 683 (ab
445 629 587 667 eadem
625 638 670 668 ut
698 630 856 669 videtur
886 645 1012 671 manu
1039 645 1157 683 supra
1185 629 1366 669 additum
1395 637 1451 667 est
1482 630 1533 675 ic,

89 711 184 737 mun
220 698 265 735 in
299 705 415 736 textu
454 699 592 736 fuisset
620 696 814 750 rhetores)
847 696 987 751 Camp.
1046 696 1150 750 (Hic
1181 705 1385 751 praeterea
1415 712 1534 749 quam

88 773 220 804 mutat
258 766 304 803 in
342 780 439 818 quae
475 762 585 818 non)
626 763 747 805 Tarv.
788 763 898 804 Ven.
1009 767 1240 820 praecipue,
1278 765 1421 804 omisso
1450 772 1535 818 quc-3

89 831 210 871 habet
241 834 363 871 etiam
393 831 506 876 Sich,
1481 867 1484 870 .

203 899 241 950 §0
277 903 342 938 16.
401 898 566 941 videtur.
626 898 821 939 videretur
860 897 998 939 Turio.
1037 898 1147 940 Flor.
1182 896 1299 939 Alm-
1413 897 1539 939 Hali-

90 980 300 1005 carnaseus
328 965 452 1007 Turio
480 966 590 1008 Flor.
622 966 762 1021 Camp.
794 981 887 1006 cum
916 970 1051 1006 multis
1080 968 1173 1008 edd.
1202 975 1300 1007 vett.

200 1035 236 1083 §.
270 1038 336 1075 17.
400 1033 617 1075 Gadareus.
669 1034 858 1088 gadescus
888 1033 1013 1074 Amb.
1038 1040 1076 1075 1.
1191 1033 1342 1074 maluit.
1390 1033 1540 1072 mavult

89 1099 228 1141 Tua-ic.
263 1099 404 1155 Camp.
525 1102 722 1143 Tiberius.
783 1103 900 1140 Titus
938 1117 1033 1142 cum
1067 1100 1183 1143 Alm.
1213 1102 1365 1144 habent
1400 1100 1537 1142 Turic.

88 1167 198 1209 Flor.
231 1167 371 1222 Camp.
405 1177 444 1209 et
476 1183 499 1208 a
529 1184 608 1209 sec.
641 1185 698 1209 m.
726 1168 853 1209 Amb.
879 1174 918 1209 1.

202 1236 240 1286 §.
275 1240 340 1276 18.
399 1235 489 1275 inde
528 1251 609 1276 om.
650 1236 760 1277 Flor.
800 1251 824 1276 a
863 1252 924 1289 pr.
963 1250 1021 1276 m.
1080 1235 1217 1275 deinde
1245 1235 1389 1290 Camp.
1505 1247 1541 1275 et

94 1302 327 1342 Theodorei.
391 1319 440 1343 ac
484 1304 636 1345 Theocl.
676 1304 814 1345 Turio.
855 1302 990 1344 Guelf.
1033 1302 1177 1357 Camp.
1208 1302 1308 1344 Ald.
1422 1302 1542 1342 latine

84 1369 181 1427 fuit.
231 1370 323 1427 fuit
362 1370 483 1410 latine
520 1370 658 1413 Turio.
696 1370 806 1412 Flor.
847 1368 983 1411 Guelf.
1015 1369 1158 1424 Camp.
1190 1370 1319 1421 Obr.,
1368 1371 1460 1410 fort.
1491 1384 1544 1410 ex

88 1437 264 1491 Argent.
378 1436 422 1478 C.
468 1436 654 1491 Valgius.
727 1436 850 1477 Gaius
891 1436 947 1477 V.
996 1436 1123 1478 Amb.
1164 1443 1202 1480 1.
1221 1469 1234 1490 ‚
1284 1447 1323 1477 et
1359 1439 1416 1477 ita
1458 1440 1543 1477 fere

90 1521 248 1559 semper
277 1505 355 1561 (cf.
385 1503 419 1555 I,
450 1509 492 1556 7,
523 1505 617 1559 28).
675 1504 869 1559 Evalgius
905 1504 1016 1546 Jens.
1047 1504 1168 1549 Tarv.
1196 1504 1296 1546 ΑΜ.
1327 1520 1421 1546 cum
1449 1504 1544 1545 Bal.

90 1572 210 1612 Voss.
245 1577 286 1613 3.
397 1571 582 1626 Valgius,
615 1563 695 1615 om.
731 1572 790 1623 C.‚
821 1571 922 1613 Loc.
953 1572 1063 1613 Ven.
1179 1573 1369 1613 Matium.
1425 1571 1546 1611 Mat-

88 1643 187 1681 tium
214 1640 340 1680 Amb.
370 1646 406 1684 1.
467 1652 651 1680 matr-ium
683 1651 742 1681 est
770 1643 893 1680 etiam
921 1643 964 1680 in
982 1639 1081 1682 Loo.
1103 1639 1213 1680 Ven.
1231 1672 1243 1690 ,
1272 1655 1356 1680 nou
1385 1638 1545 1680 Tarvis.

176 1710 370 1761 agnoscit.
421 1725 602 1762 cognosc.
625 1707 768 1762 Camp.
860 1708 1120 1761 hermagoran
1139 1707 1276 1749 Turio.
1297 1723 1390 1748 cum
1405 1705 1545 1748 Guelf.

93 1775 249 1831 [Amb.
280 1783 317 1817 1.
349 1779 473 1816 taceri
500 1779 645 1831 miror,
675 1779 748 1831 qui
776 1776 896 1826 hujus
923 1778 1016 1815 libri
1048 1790 1134 1829 cap.
1167 1780 1235 1825 11,
1265 1780 1315 1816 18
1346 1767 1546 1816 Graecam.

91 1846 264 1884 formam
302 1845 504 1884 exhibeat.
571 1841 647 1883 Ille
688 1859 783 1884 vero
830 1852 870 1883 et
916 1842 1170 1896 Protagoran
1205 1840 1287 1894 ΠΙ,
1316 1844 1367 1893 4,
1402 1849 1455 1883 10
1502 1851 1544 1882 et

93 1912 316 1951 Aeschinen
343 1909 395 1961 II,
429 1916 495 1961 17,
530 1915 596 1951 12.
645 1911 849 1951 Isocraten
877 1908 951 1962 ῙΠ,
977 1916 1015 1961 1,
1040 1911 1106 1950 14.
1156 1908 1376 1951 Plisthenen
1402 1908 1478 1961 ῙΠ,
1500 1914 1543 1960 7,

96 1983 147 2019 19
176 1979 246 2017 sed
274 1981 397 2016 etiam
424 1978 662 2028 Phoenicen,
714 1980 823 2032 quod
852 1979 1067 2018 descendat
1097 1993 1119 2017 a
1148 1986 1255 2018 recto
1287 1993 1378 2017 casu
1406 1977 1544 2017 Phoe-

92 2045 204 2095 nix]
318 2044 500 2084 viderint.
553 2045 731 2084 viderunt
757 2045 901 2099 Camp.
930 2045 1041 2086 Jens.
1073 2054 1112 2084 et
1134 2054 1234 2098 post.
1257 2054 1348 2086 ante
1370 2044 1544 2098 Gryph.,

95 2128 185 2153 exc.
215 2111 353 2162 Sich.,
395 2111 526 2162 Cod.‚
567 2121 766 2166 quantum
793 2114 935 2163 video,
975 2115 1126 2153 nquus.

207 2181 245 2232 §.
278 2185 344 2220 19.
405 2179 593 2219 condidit.
656 2179 821 2218 tradidit
853 2179 954 2220 Obr.
987 2194 1081 2218 cum
1108 2177 1258 2228 Berm,
1299 2180 1389 2218 fort.
1411 2176 1542 2219 Amb.

95 2253 160 2299 1.,
201 2249 272 2302 qui
299 2250 451 2287 siletur.
568 2250 609 2286 in
636 2247 738 2286 hanc
766 2249 972 2285 materiam
1000 2249 1122 2286 etiam
1148 2245 1258 2287 Flor.
1288 2245 1415 2286 Amb.
1440 2252 1479 2286 1.
1501 2252 1544 2286 2.

92 2315 218 2357 Paris.
243 2319 280 2354 1.
305 2321 345 2355 2.
368 2320 407 2355 3.
441 2314 583 2368 Camp.
599 2345 609 2365 ‚
649 2323 694 2353 ut
721 2317 765 2352 in
792 2316 908 2353 nullo
937 2314 1026 2353 cod.
1048 2314 1231 2353 videatur
1259 2328 1343 2353 esse
1369 2322 1542 2368 recepta.

148 2374 156 2379 χ
177 2384 245 2424 M.
281 2382 380 2423 Cato
408 2406 465 2413 —-
492 2381 559 2422 M.
590 2380 801 2420 Antonius.
857 2380 1048 2422 Pel-verso
1074 2382 1236 2432 ordine,
1285 2390 1331 2421 ut
1358 2383 1404 2420 in
1430 2389 1541 2422 cete-

92 2453 146 2491 fis
176 2452 292 2492 codd.
303 2481 318 2499 ,
364 2459 459 2490 sunt
500 2449 601 2489 haec
641 2451 763 2487 etiam
799 2449 843 2486 in
869 2451 1035 2498 nostris,
1078 2463 1100 2486 e
1129 2450 1272 2502 quibus
1299 2458 1388 2502 past
1415 2450 1539 2489 omit-

94 2527 186 2559 tunt
214 2518 350 2559 Turio.
382 2517 491 2557 Flor.
525 2532 546 2555 a
575 2532 635 2570 pr.
663 2531 719 2555 m.
749 2513 875 2554 Amb.
897 2521 960 2564 2.,
1002 2516 1175 2554 retinent
1202 2515 1328 2556 Amb.
1353 2521 1390 2556 1.
1421 2531 1444 2555 a
1463 2532 1542 2556 sec.

92 2600 150 2626 m.
191 2602 286 2626 cum
321 2586 446 2627 Paris.
483 2590 520 2624 1.
544 2590 582 2626 2.
699 2592 810 2637 atquc
838 2581 892 2622 id.
952 2593 986 2621 ct
1017 2581 1060 2622 id
1089 2580 1214 2626 Goth.
1239 2598 1332 2623 cum
1360 2583 1471 2638 Jens.
1502 2593 1541 2624 et

94 2663 194 2707 post.
246 2663 337 2696 ante
391 2650 571 2707 Gryph.‚
633 2667 718 2691 exc.
755 2648 855 2692 AM.
896 2648 1007 2691 Sich.
1134 2649 1320 2700 celebres,
1367 2667 1543 2706 quorum.
