1695 2974
142 159 267 192 xvnl

262 254 375 305 Quid
404 256 540 304 enim,
573 254 682 309 quod
712 252 786 295 illa
814 255 1003 295 codicum
1037 269 1135 296 mss.
1168 257 1359 298 condicio
1388 268 1480 313 post
1509 261 1591 315 pri-

152 351 242 376 ¹¹¹⁰S
270 342 464 390 ‘lumfflol'
500 331 633 374 libros
671 347 924 388 magnopere
955 337 1109 377 mutari
1138 335 1330 377 videtur}
1383 339 1503 379 cuius
1529 339 1591 378 rei

153 419 257 460 ratio
298 416 400 454 item
438 409 669 451 clarissime
709 412 956 465 perspicitur
992 426 1046 454 ex
1075 412 1360 456 Ambrosiano
1390 413 1423 454 I.
1482 414 1590 457 Nam

154 499 221 538 hic
258 493 364 534 liber
403 503 496 530 curn
536 490 579 529 in
622 488 697 528 illa
735 491 857 529 tertia
888 498 1004 543 parte
1035 492 1172 545 operis
1203 505 1287 532 non
1316 491 1402 532 fide
1431 501 1590 534 tantum

153 590 236 617 una
264 586 359 614 cum
388 566 561 622 reliquis
593 567 714 607 bonis
745 565 938 618 excellat,
970 569 1043 609 sed
1073 570 1200 610 etiam
1229 572 1495 612 accuratione
1525 571 1592 612 his

154 657 254 712 ipsis
288 651 414 703 longe
451 654 658 700 praestet,
710 659 782 698 per
821 653 952 686 totum
990 645 1145 686 librum
1184 648 1375 701 quintum
1412 657 1453 689 et
1480 651 1592 690 sexti

153 744 348 789 magnam
375 734 535 781 partem
565 721 822 777 negligentia
853 732 894 764 et
920 726 1159 779 ignorantia
1187 724 1352 766 librarii
1373 735 1592 781 corruptus

153 814 340 857 videtur,
394 817 470 844 nec
507 816 579 856 per
624 802 892 855 insequentes
930 800 1088 853 libros,
1138 804 1218 844 etsi
1256 801 1382 858 longe
1419 804 1591 859 quidem

153 887 395 944 diligentior
425 879 486 930 fit,
516 879 776 933 ignorantiae
807 888 946 920 tamen
976 882 1136 921 mederi
1165 889 1314 935 potest.
1370 880 1517 937 Itaque
1545 883 1590 923 in

154 971 231 1010 hac
260 972 375 1021 parte
408 973 489 1000 non
512 957 617 997 adeo
639 956 815 996 multum
837 966 1020 1011 praestat
1041 957 1267 1000 Tui-icensi
1287 967 1328 1000 et
1345 958 1590 1002 Florentino

152 1046 382 1095 ceterisque
413 1036 603 1091 ejusdem
633 1044 789 1085 sectae,
823 1037 921 1089 quin
955 1037 1082 1076 etiam
1112 1051 1257 1077 omnes
1287 1035 1332 1077 hi
1351 1036 1591 1093 frequenter

151 1125 325 1167 alterius
354 1127 397 1158 ct
425 1117 576 1157 tertiae
608 1112 757 1154 classis
786 1113 993 1154 librorum
1012 1112 1172 1154 auxilio
1194 1117 1455 1157 sustentandi
1474 1125 1588 1167 sunt,

153 1213 197 1246 ut
217 1203 395 1243 lacunae
424 1195 584 1248 aliquot
613 1191 840 1233 verborum
870 1193 923 1232 ad
952 1205 1121 1232 sensum
1151 1194 1486 1234 necessariorum
1516 1208 1589 1235 ex-

149 1282 365 1338 pleantur,
415 1282 489 1313 aut
537 1272 674 1324 turpia
723 1269 902 1310 aliorum
948 1269 1174 1310 verborum
1216 1269 1369 1311 menda
1409 1273 1589 1312 certiore

151 1360 329 1417 quadani
359 1355 429 1394 via
458 1348 682 1397 tollantur,
716 1362 839 1402 quam
868 1346 963 1388 fieri
994 1361 1116 1402 posse
1145 1349 1302 1389 nostris
1334 1350 1588 1402 conjecturis

151 1437 354 1476 videatur.
426 1429 497 1469 Sic
525 1441 563 1467 v.
596 1441 630 1466 c.
654 1425 712 1476 V,
748 1430 798 1476 7,
833 1430 851 1465 1
869 1455 880 1475 ‚
920 1425 1178 1476 differentia
1206 1439 1283 1479 pro
1311 1425 1586 1478 (ly-'fidentia'

149 1518 184 1565 ξ.
203 1515 255 1554 29
280 1523 388 1565 pars
427 1521 501 1561 pro
534 1518 709 1559 parum,
758 1517 810 1544 ea
837 1517 912 1557 pro
952 1517 1096 1552 causa,
1126 1505 1162 1553 ξ,
1180 1506 1231 1544 16
1268 1503 1343 1544 odi
1368 1516 1445 1558 pro
1474 1506 1587 1558 eju-9-

150 1592 263 1633 modi
299 1591 344 1629 in
384 1585 578 1627 omnibus
629 1584 789 1637 primae
838 1579 984 1621 classis
1027 1579 1150 1621 libris
1189 1579 1412 1636 leguntur,
1461 1590 1504 1622 et
1540 1583 1586 1622 in

148 1669 354 1726 principio
392 1663 601 1719 prooemii
639 1658 799 1700 libriV
838 1658 969 1699 verba
1009 1657 1087 1699 sed
1122 1661 1202 1698 vix
1240 1662 1371 1699 etiam
1398 1663 1492 1700 viro
1521 1659 1587 1701 dt·-

147 1762 297 1805 gnum,
346 1746 450 1783 item
492 1740 549 1790 V,
574 1742 660 1789 7‚5
690 1734 938 1790 >compluria
982 1736 1111 1776 verba
1159 1735 1212 1776 ab
1256 1735 1341 1777 illis
1390 1737 1586 1779 omnibus

148 1827 324 1873 absunt,
366 1829 406 1860 et
434 1818 492 1867 V,
524 1821 565 1866 9,
599 1820 645 1855 11
681 1814 813 1854 verba
841 1819 939 1853 sunt
968 1837 1024 1844 —-
1054 1818 1225 1868 utrique
1261 1816 1305 1855 in
1334 1814 1533 1858 Ambros,
1564 1815 1584 1856 1

148 1906 409 1946 omittuntur.
493 1894 626 1948 Cujus
667 1894 729 1933 rei
772 1891 898 1931 aliam
935 1905 1014 1946 ego
1053 1890 1325 1947 explicandae
1376 1894 1585 1934 rationem

147 1997 230 2023 non
260 1978 445 2025 invenio,
478 1974 561 2013 nisi
592 1979 636 2011 ut
666 1979 861 2018 statuam,
890 1983 982 2009 eam
1012 1977 1171 2023 partem
1201 1970 1442 2010 vetustioris
1468 1968 1583 2021 libri,

146 2061 256 2101 unde
288 2065 359 2097 ant
388 2052 505 2095 solus
530 2049 836 2090 Ambrosianus
866 2046 886 2087 I
929 2047 1042 2100 (nam
1072 2049 1108 2089 is
1140 2049 1265 2088 etiam
1294 2046 1363 2087 hic
1393 2049 1584 2089 ordinem

146 2139 260 2179 ducit
287 2131 477 2184 suorum)
508 2137 578 2169 aut
604 2126 677 2167 alii
705 2140 867 2180 quoque
898 2125 1000 2166 boni
1030 2125 1227 2180 descripti
1255 2134 1376 2176 sunt,
1424 2134 1584 2180 tempo—

144 2218 203 2256 ris
241 2213 400 2267 injuria
437 2215 675 2261 corruptum
706 2205 865 2254 fuisse,
914 2212 961 2244 ut
991 2202 1213 2254 librarius,
1264 2217 1359 2245 cum
1385 2205 1582 2259 expedite

144 2293 286 2347 legere
314 2303 399 2330 non
438 2292 602 2341 posset,
654 2283 794 2323 taedio
835 2296 883 2323 ac
923 2283 1215 2336 desperatione
1240 2283 1449 2336 pessimae
1478 2283 1582 2323 scri—

143 2379 288 2424 pturae
317 2365 577 2410 afficeretur3
604 2362 680 2402 sed
709 2359 838 2400 alium
868 2360 998 2400 fuisse
1027 2358 1206 2409 librum,
1237 2357 1395 2414 alioqui
1422 2360 1580 2400 virtute

142 2447 205 2487 illi
234 2446 491 2492 inferiorem,
518 2442 592 2481 sed
619 2438 1019 2487 melius'servatum‚
1052 2439 1162 2479 unde
1185 2438 1349 2478 codices
1368 2438 1579 2479 secundae

139 2535 178 2565 et
211 2525 359 2564 tertiae
390 2520 535 2560 classis
566 2517 763 2570 descripti
798 2516 967 2555 fuerint.
