1695 2974
1488 187 1554 221 ΧΥ

110 291 367 333 concordare
395 302 435 330 ν.
468 302 503 328 c.
525 284 599 328 lib.
628 286 660 337 1,
685 290 725 337 5,
746 290 800 327 22
831 285 903 327 ubi
935 282 1208 340 Spaldingius
1236 289 1284 324 ut
1314 294 1411 325 ante
1441 286 1559 327 vide-

110 373 215 413 licet
246 370 383 411 omitti
417 367 565 422 jussit3
608 365 651 416 l,
682 368 734 415 6,
765 368 825 406 45*
859 364 933 406 ubi
964 364 1196 418 loquantur
1226 377 1300 417 pro
1330 365 1561 419 loquuntur

110 449 379 492 scribendum
409 447 596 493 censuit;
631 443 706 486 lib.
738 444 802 486 IV
833 445 924 485 init.
955 456 1067 484 nova
1097 456 1171 496 pro
1202 455 1363 491 novae;
1408 435 1486 493 IV,
1521 448 1560 492 1,

109 533 163 570 28
194 541 362 570 reorum
391 539 466 581 pro
497 537 664 573 eorum,-
697 522 775 573 IV,
796 525 836 572 2,
868 525 921 563 28
952 522 1118 573 affectu
1148 535 1222 575 pro
1254 520 1468 572 affectu3'3
1499 520 1562 562 Vl

110 616 298 661 prooem.
318 608 345 647 6
376 603 451 646 ubi
479 603 656 644 verbmn
688 592 936 643 oblectabar
966 590 1449 654 delendum‘jtidicavin
1481 599 1564 651 Vl,

112 689 152 736 1,
184 687 236 727 25
269 684 343 725 ubi
372 685 445 725 illa·
472 695 548 738 pro
580 682 656 722 ille
687 683 893 736 conjecit3
922 679 1002 730 VI,
1034 684 1075 729 2,
1108 683 1132 720 8
1165 678 1278 734 quod
1304 670 1380 735 pro
1415 693 1562 735 quam,-

113 762 199 815 VI,
229 768 280 814 3·,
311 746 365 805 32
396 767 464 804 m't
492 775 567 817 pro
599 760 682 810 ταῖς
730 759 842 801 VIII
880 772 1066 814 prooem.
1100 761 1151 799 18
1186 751 1357 799 decori&
1386 763 1462 813 qm·
1488 769 1563 814 pro

111 842 248 898 qnod,
282 839 462 898 aliisque
496 838 627 890 Iocis,
668 849 714 880 ut
752 849 877 894 puto,
931 836 1148 894 pluribus,
1191 852 1296 893 quos
1335 851 1449 878 nunc
1478 837 1565 878 no'n

110 922 336 976 investigo.
396 918 518 969 Quae
557 919 602 960 in
644 933 775 959 unum
816 920 878 960 sic
916 919 1185 973 congregata·
1209 931 1294 957 non
1334 922 1485 957 vereor
1512 930 1566 956 ne

110 1001 180 1041 cui
210 1001 312 1041 artis
341 1001 478 1056 perito
509 996 624 1039 levia
653 998 901 1048 videantur,
953 998 1026 1051 qui
1064 996 1225 1046 sciant,
1275 996 1566 1049 conjecturam

111 1081 171 1120 ita
198 1080 347 1120 merito
378 1087 595 1134 quamque·
615 1076 835 1118 meliorem
865 1076 1121 1125 existimari,
1150 1088 1237 1130 quo:
1258 1076 1393 1129 magis
1423 1076 1569 1130 singna

110 1156 249 1200 larum
288 1172 423 1213 paene
461 1155 697 1198 litterarum
742 1156 892 1197 ductus
925 1163 1089 1195 servet:
1143 1155 1328 1209 imperiti
1367 1155 1568 1208 cogitent,

116 1222 397 1278 maximarum
443 1234 586 1277 rerum
628 1235 873 1276 discrimina
912 1233 1162 1287 saepissime
1206 1246 1293 1273 non
1332 1233 1377 1273 in
1415 1230 1570 1272 litteris

114 1316 256 1366 modo,
289 1316 364 1356 sed
394 1317 437 1356 in
469 1314 661 1369 apicibus
687 1296 821 1353 ‘etiam
848 1312 978 1361 verti,
1010 1311 1132 1364 cujus
1155 1311 1219 1350 rei
1236 1309 1571 1351 illustrissimum

113 1390 356 1448 exemplum
394 1404 470 1449 pro
511 1401 634 1448 captu
673 1406 750 1433 suo
778 1398 1039 1447 cognoscant
1077 1390 1187 1444 apud
1211 1388 1486 1431 Perizonium
1526 1391 1570 1430 in

115 1473 431 1513 commentariis
461 1470 677 1512 historicis
717 1485 756 1526 p.
779 1473 876 1512 374.
969 1467 1061 1511 Nos
1100 1477 1264 1519 nutem,
1307 1470 1419 1524 quod
1457 1476 1570 1510 nunc

115 1551 289 1607 quidem
313 1552 525 1607 agendum
556 1551 650 1601 fuit,
680 1551 783 1590 satis
809 1551 902 1604 jam
931 1557 1127 1604 putamus
1155 1548 1428 1589 manifestum
1460 1559 1571 1599 esse,

115 1631 307 1672 codicem
344 1629 678 1672 Ambrosianum
704 1627 726 1670 Ι
763 1643 850 1670 non
887 1626 1058 1684 propria
1096 1628 1222 1668 modo
1259 1626 1453 1668 bonitate
1495 1641 1574 1668 sua

115 1707 343 1764 plurimum
386 1706 579 1749 conferre
620 1709 673 1749 ad
717 1704 1058 1749 emendationem
1097 1715 1238 1747 textus
1278 1704 1574 1756 Quintilianei,

116 1789 194 1829 sed
222 1790 350 1828 etiam
375 1786 554 1829 multum
585 1788 804 1843 prodesse,
823 1772 882 1828 *sut
913 1786 1175 1842 reliquorum·
1202 1787 1394 1828 codicum
1425 1795 1575 1826 natura

116 1876 159 1908 et
188 1868 417 1908 auctoritas
447 1876 659 1922 appareat.

232 2024 344 2067 Nam
382 2039 477 2067 cum
517 2027 677 2081 primae
717 2025 869 2068 classis
897 2025 1105 2068 librorum
1139 2025 1220 2067 hoc
1252 2027 1573 2082 sitingenium,

119 2114 166 2146 ut
195 2104 354 2146 bonum
383 2094 554 2161 aliquod
583 2114 625 2146 et
653 2107 944 2161 incorruptum
965 2104 1183 2162 exemplar
1203 2105 1321 2147 fideli
1339 2107 1575 2161 proposito,

118 2185 195 2227 sed
225 2185 429 2226 mendosa
468 2183 759 2225 imbecillitate
789 2187 924 2226 secuti
966 2186 1214 2235 videantur,
1264 2185 1392 2239 (unde
1420 2183 1491 2234 fit,
1533 2190 1577 2225 ut

121 2263 227 2305 haec
269 2261 414 2318 culpa,
465 2264 556 2304 sive
601 2272 912 2318 postremorum
951 2265 1042 2304 sive
1080 2265 1267 2318 priorum
1303 2262 1577 2304 librariorum

122 2352 208 2394 est,
267 2342 511 2397 frequenter
561 2343 798 2383 certissimo
844 2339 1034 2384 remedio
1087 2341 1363 2384 Ambrosiani
1416 2343 1578 2384 codicis

123 2417 256 2464 multo
297 2421 599 2462 emendatioris
639 2422 797 2477 corrigi
838 2422 1012 2477 possit‚)
1052 2421 1186 2463 altera
1226 2422 1374 2463 classis
1407 2422 1460 2464 ab
1491 2421 1577 2463 alio

123 2502 288 2542 videtur
328 2508 472 2541 vetere
514 2499 747 2554 exemplari
787 2495 882 2542 orta
923 2497 1043 2552 esse,
1092 2510 1233 2543 cetera
1281 2500 1451 2556 quidem
1491 2511 1578 2542 non·

123 2579 321 2621 dissimili
356 2577 483 2620 'illius
523 2580 704 2634 prioris,
745 2580 832 2622 sed¹
864 2589 907 2622 et
945 2583 1084 2622 minus
1115 2590 1311 2622 accurate
1349 2583 1504 2637 scripto
1535 2591 1577 2622 et

126 2659 267 2701 multis
301 2658 409 2701 locis
439 2660 532 2714 jam
571 2658 673 2702 olim
705 2660 758 2702 ad
786 2657 925 2702 levem
955 2655 1339 2702 verisimilitudinis
1360 2663 1577 2702 >rationem
