1757 2979
207 172 288 213 420
643 166 912 223 Supplcmenta
943 166 1206 207 annotationis

208 285 379 322 laetitiae
407 294 545 331 causa,
598 280 666 319 sed
698 281 872 319 numeris
911 278 959 316 ad
996 286 1202 331 poetarum
1229 274 1437 328 rhythmos
1468 275 1640 328 pxjopins,

209 365 330 404 quam
359 363 493 402 prosae
527 361 597 399 par
635 355 711 394 est,
761 345 1058 394 accedentibus,
1106 345 1157 383 cf.
1189 342 1415 382 Ernestium
1445 342 1487 377 in
1513 342 1645 378 lexico

209 418 384 456 techuol.
420 431 460 468 p.
493 416 593 462 340,
641 415 755 465 eique
787 415 884 450 vitio
917 421 1021 450 recte
1062 413 1273 463 opponitur
1301 412 1424 448 virtus
1457 409 1647 445 orationis

212 485 455 536 compositae.
515 479 725 533 Siquidem
747 476 920 529 Quintil.
947 478 1029 528 IX,
1050 481 1098 525 4,
1132 481 1210 516 116
1241 490 1362 530 quem
1391 477 1433 512 in
1463 481 1645 526 poemate

210 551 344 589 locum
362 549 503 587 habeat
523 547 782 598 rer-sificatio,
824 546 998 583 eundem
1024 547 1079 583 ait
1108 547 1149 582 in
1173 546 1349 582 oratioue
1370 541 1515 579 habere
1537 555 1644 577 com-

209 618 449 670 positionem,
516 611 638 652 Porro
668 626 760 651 cum
792 610 931 650 laetum
963 612 1122 650 dicendi
1150 625 1272 663 genus
1300 609 1402 648 illud
1428 610 1499 654 sit,
1538 605 1646 659 quod

211 685 369 722 floribus
391 681 688 733 luminibusque
708 681 993 718 sententiarum
1013 682 1133 717 etiam
1152 679 1346 717 delectare
1366 677 1462 714 velit
1479 703 1489 723 ‚
1528 687 1579 711 ex
1600 686 1648 709 ea

214 752 354 789 virtute
379 747 522 784 vitium
551 748 614 794 fit,
664 749 697 784 si
726 755 879 798 praeter
909 747 1213 785 delectationem
1239 744 1346 783 nihil
1373 742 1481 780 aliud
1500 742 1650 793 petitur

212 815 396 854 inanibus
417 812 586 849 flosculis
609 818 648 848 et
674 816 889 862 puerilibus
914 816 1172 851 sententiolis.
1229 809 1366 864 Atque
1389 809 1508 857 hinc,
1546 809 1648 845 sicut

214 882 426 919 homiuum
473 891 602 915 mores
646 877 821 930 corrupti
852 875 1062 925 dicuntur,
1112 881 1254 929 quibus
1290 877 1396 916 nihil
1436 875 1648 913 honestum

209 948 459 1001 *propositum
480 953 556 994 est,
586 945 641 983 ita
665 943 824 982 dicendi
846 957 1004 996 quoque
1025 956 1147 994 genus
1168 951 1389 995 corruptum
1412 943 1647 993 appellatur,

214 1014 323 1069 quod
353 1013 462 1051 idem
493 1019 551 1049 est
573 1010 778 1049 lasciviens
808 1018 848 1048 et
879 1009 1140 1047 lama-losum.
1206 1007 1260 1047 Et
1290 1007 1404 1046 laciis
1439 1006 1648 1046 luxuriosa

215 1082 380 1133 opponit
418 1077 593 1129 Quintil.
629 1074 730 1128 XII,
764 1081 814 1116 10
845 1074 972 1127 exnu]

325 1148 361 1198 ξ.
395 1150 460 1186 17.
520 1143 706 1199 quamlib.
755 1143 821 1183 Sic
852 1142 942 1183 Par.
973 1147 1011 1183 2.
1041 1157 1117 1182 sec.
1146 1157 1200 1182 m.
1238 1140 1401 1196 quicllib.
1425 1139 1517 1180 Par.
1542 1142 1578 1178 1.
1609 1141 1645 1176 6.

215 1213 385 1266 [explica
403 1215 581 1266 quamvis
602 1211 704 1249 illud
725 1211 831 1264 quod
852 1211 1022 1249 efferunt
1035 1240 1046 1260 ‚
1084 1213 1133 1249 sit
1158 1211 1346 1262 frigidum
1359 1240 1369 1259 ‚
1401 1222 1492 1247 cum
1511 1213 1651 1245 contra*

216 1291 364 1322 veteres
384 1282 446 1318 illi
468 1280 675 1330 magnifice
694 1279 887 1316 senserint
900 1308 910 1327 ‚
948 1277 1107 1316 horride
1128 1279 1275 1316 elocuti
1295 1279 1387 1316 sint.
1404 1275 1420 1327 ]

325 1348 361 1399 §.
395 1351 462 1387 19.
521 1345 663 1396 [Miror
681 1347 797 1383 crisin
817 1343 1158 1396 Spaldingianam,
1192 1344 1297 1398 quod
1323 1340 1528 1383 imitabilia
1549 1340 1647 1379 sori-

215 1415 393 1455 bendum
421 1415 594 1459 censuit,
634 1414 813 1466 quamvis
840 1411 942 1449 illud
971 1414 1101 1463 ipsum
1119 1414 1284 1463 scriptor
1306 1412 1466 1460 doceat,
1504 1409 1647 1448 viden-

215 1484 311 1522 dum
338 1496 419 1519 esse
451 1482 615 1533 cuique,
657 1480 753 1532 quid
781 1481 882 1517 vires
912 1478 1147 1529 admittant,
1197 1479 1292 1532 quid
1320 1480 1421 1516 ferre
1451 1483 1645 1514 recusent.

215 1548 332 1600 Quae
354 1562 471 1599 supra
494 1547 596 1585 dixit
614 1547 824 1584 imitabilia
844 1560 928 1584 non
947 1560 1048 1593 esse,
1086 1548 1317 1598 ingenium,
1358 1547 1646 1592 inventionem,

214 1618 393 1668 reliqua,
441 1627 487 1651 ea
525 1615 569 1651 in
608 1616 838 1651 universum
874 1615 1088 1650 imitationi
1119 1616 1373 1652 eximuntur:
1421 1626 1530 1650 nunc
1567 1613 1648 1661 jam

214 1683 262 1720 de
292 1681 542 1732 singulorum
572 1679 731 1718 diversis
757 1681 928 1731 ingeniis
957 1680 1075 1728 dicit,
1112 1682 1251 1732 quibus
1270 1682 1366 1719 item
1389 1680 1466 1717 hoc
1487 1687 1525 1717 et
1544 1677 1647 1715 illud

212 1762 294 1787 non
323 1748 533 1786 conveniat
564 1760 637 1784 nec
663 1748 795 1798 expeti
814 1746 986 1794 debeat]
1057 1756 1297 1800 assequatur.
1336 1745 1425 1785 Par.
1453 1751 1491 1785 6.
1519 1743 1644 1784 Amb.

212 1822 247 1856 2.
269 1823 462 1868 sequatur.
491 1812 580 1852 Par.
604 1817 642 1851 1.
665 1818 704 1852 2.
725 1823 990 1866 persequatur.
1077 1812 1172 1851 dure
1184 1815 1307 1867 fiunt.
1348 1811 1416 1853 Sic
1435 1811 1526 1852 Par.
1547 1817 1587 1853 2.
1607 1815 1643 1850 6.

211 1881 332 1921 Amb.
360 1885 397 1920 2.
443 1878 645 1918 durescunt
672 1877 763 1919 Par.
791 1883 826 1918 1.

321 1960 358 2010 §.
387 1962 454 1998 20.
515 1956 676 1996 credidi.
714 1955 780 1995 Sic
798 1954 887 1995 Par.
910 1961 946 1995 1.
970 1960 1005 1995 6.
1030 1944 1223 1997 Amba(
1251 1955 1401 1996 tradidi
1419 1955 1508 1997 Par.
1521 1962 1558 1997 2.

210 2029 372 2065 invenit.
421 2022 489 2063 Sic
510 2025 630 2062 etiam
652 2021 778 2062 Amb.
801 2028 842 2062 2.

322 2104 360 2153 §.
391 2106 460 2142 21.
520 2101 615 2141 illis.
659 2100 726 2141 Sic
750 2100 840 2140 Par.
869 2105 906 2140 1.
929 2107 967 2141 2.
991 2104 1028 2140 6.
1055 2099 1180 2140 Amb.
1203 2105 1241 2140 2.

317 2183 353 2231 §.
384 2185 453 2221 22.
511 2195 601 2218 suus
626 2181 774 2234 cuique.
821 2178 889 2220 Sic
908 2177 1000 2219 Par.
1025 2184 1089 2230 2.,
1131 2180 1200 2218 sed
1221 2178 1311 2219 Par.
1339 2182 1374 2219 1.
1397 2183 1435 2219 6.
1454 2177 1577 2218 Amb.
1599 2184 1638 2219 2.

207 2264 288 2290 om.
311 2264 410 2302 cuzq.

315 2326 351 2377 §.
386 2329 454 2366 23.
514 2340 563 2363 ac
574 2323 812 2379 jucunditas.
852 2318 976 2363 Amb.
1001 2329 1041 2364 2.
1069 2333 1135 2362 aut
1156 2322 1311 2362 inclitas.

315 2404 353 2455 ᾧ.
388 2403 455 2443 24.
517 2401 712 2442 Omnium.
751 2400 819 2441 Sic
841 2400 930 2441 Par.
955 2405 993 2442 6.
1054 2400 1165 2454 longe
1186 2418 1285 2441 omn.
1315 2400 1404 2441 Par.
1438 2404 1475 2439 1.
1499 2404 1535 2440 6.

206 2468 272 2509 ille
297 2468 387 2510 Par.
418 2474 455 2509 1.
476 2475 516 2510 2.
538 2474 575 2509 6.
681 2479 716 2508 et
744 2468 818 2508 sol.
846 2492 902 2500 —-
929 2479 997 2508 est.
1028 2483 1107 2509 om.
1136 2468 1225 2509 Par.
1249 2473 1284 2508 2.
1307 2472 1344 2508 6.
1429 2466 1641 2507 imitandus

206 2546 282 2586 est,
322 2539 438 2575 etiam
465 2535 590 2575 Amb.
614 2541 652 2575 2.

318 2615 352 2665 §.
384 2617 452 2655 25.
512 2624 673 2653 noceret.
710 2612 778 2653 Sic
806 2611 891 2653 Par.
919 2619 954 2653 1.
974 2620 1013 2653 2.
1040 2618 1079 2652 6.
