1721 2974
634 380 677 426 L
713 393 733 425 1
757 359 815 425 ⁹13.
885 376 981 424 IV.

80 489 303 566 Inscriptio
335 513 453 564 hujus
477 514 571 552 libri
599 516 647 552 in
675 512 800 553 Amb.
824 518 862 553 1.
894 513 1017 553 haec:
1056 510 1180 552 Libro
1200 510 1295 550 IIII
1321 511 1418 551 hacc
1443 528 1539 552 con-

82 585 262 621 tinentur.
315 580 575 621 Prooemium.
627 582 691 621 De
712 581 897 622 ean-ordio.
946 581 1008 620 De
1030 581 1268 620 narratione.
1330 580 1392 618 Dc
1412 597 1542 634 egres-

82 651 199 689 sione.
251 650 314 688 De
330 651 610 704 propositione.
661 650 724 688 De
745 652 969 704 partitione.
1017 646 1155 688 Turio.
1186 649 1325 688 eadem
1354 648 1434 699 dat,
1464 651 1543 688 nisi

84 717 192 770 quod
225 720 352 756 omitt.
386 716 454 758 lib.
488 741 539 748 -
571 729 675 758 cont.
706 717 817 758 Jens.
846 716 967 757 Tarv.
993 715 1093 756 Ald.
1126 717 1288 767 eadem,
1324 718 1404 755 nisi
1433 717 1544 770 quod

85 800 165 824 0111.
207 784 275 825 lib.
307 807 363 814 -—-
389 802 586 840 prooerm,
625 795 665 827 et
702 789 827 827 semel
862 794 1024 825 tantum
1062 786 1283 837 praefigunt
1322 783 1382 824 cle.
1439 783 1543 823 Bad.

86 851 203 893 Cerv.
236 852 349 893 Sich.
405 853 472 893 M.
504 854 550 892 F.
586 854 635 906 Q.
657 879 712 886 ——
732 853 799 894 lib.
832 854 873 893 4.
905 855 973 907 qui
1002 852 1049 891 cle
1078 852 1249 893 exordio
1280 870 1318 893 n.
1348 869 1379 891 c.
1409 870 1471 907 pr.
1502 869 1543 906 p.

85 931 153 961 est.
211 918 378 976 Reliqui
407 923 666 976 inscriptione
701 930 854 962 carent.

524 1031 1102 1077 PROOEMIUM.

199 1124 236 1176 §.
271 1129 308 1165 1.
356 1124 555 1166 Marcelle
587 1124 760 1167 Victori.
794 1141 926 1164 marce
952 1126 1096 1163 victori
1122 1121 1301 1165 Amb.1.
1363 1123 1432 1165 M.
1459 1123 1546 1175 (sic,

87 1194 172 1232 sola
203 1193 300 1243 litt.)
337 1196 458 1233 vitori
485 1193 611 1234 Amb.
635 1200 675 1235 2.
734 1211 788 1234 m.
815 1195 960 1233 victori
988 1192 1097 1232 Flor.
1212 1203 1247 1230 et
1273 1195 1373 1246 jam.
1433 1195 1549 1231 eliam

90 1258 227 1301 Guelf.
268 1260 385 1301 Voss.
426 1267 463 1302 1.
505 1268 542 1303 3.
593 1262 734 1316 Camp.
865 1277 1000 1301 novae.
1069 1277 1191 1308 nova,
1234 1261 1344 1315 quod
1388 1264 1550 1314 optabat

90 1327 255 1381 Spald.‚
289 1339 346 1370 est
380 1332 425 1369 in
452 1329 580 1370 Aan.
606 1336 643 1371 1.
703 1345 800 1370 nove
826 1328 952 1369 Aan.
974 1334 1014 1368 2.
1130 1345 1328 1369 emcrercr.
1385 1346 1551 1368 mererer

90 1395 217 1437 Amb.
241 1403 279 1438 1.
386 1397 491 1437 velut
513 1398 614 1437 stud.
672 1397 737 1438 vel
758 1409 808 1438 st.
837 1399 961 1437 idem.
1060 1408 1209 1436 nostra.
1260 1408 1400 1436 contra
1431 1400 1552 1436 etiam

90 1463 199 1505 Flor.
233 1481 254 1505 a
282 1482 347 1520 ΡΥ.
372 1482 430 1507 m.
546 1466 650 1507 dom.
708 1483 793 1506 usu.
854 1465 1056 1507 Ordinem
1096 1465 1260 1504 invertit
1297 1464 1438 1519 Camp.

92 1532 342 1588 disciplinam
361 1534 552 1592 formare
579 1538 660 1586 jam
694 1543 752 1574 est
779 1537 824 1573 in
855 1533 969 1574 Sich.
1004 1531 1136 1572 Colin.

204 1603 241 1655 §.
272 1608 312 1643 2.
374 1619 525 1658 quoque
552 1605 692 1644 oneris.
750 1620 813 1644 on.
845 1619 960 1658 quoq.
991 1601 1131 1642 Turio.
1162 1600 1271 1640 Flor.
1303 1597 1429 1639 Amb.
1453 1605 1491 1640 1.
1512 1606 1552 1641 2.

94 1668 231 1711 Guelf‘.
263 1669 388 1711 Goth.
421 1671 561 1725 Camp.
591 1671 703 1712 Jens.
737 1681 776 1711 et
795 1681 961 1725 posterr.
986 1679 1077 1709 ante
1100 1667 1272 1723 Gryph.,
1305 1682 1393 1707 exc,
1425 1667 1554 1718 Sich.,

91 1741 163 1793 qui
194 1742 344 1780 omittit
401 1756 566 1795 quoque.
628 1739 844 1795 [Optime‚
876 1749 921 1780 ut
953 1739 1076 1779 honos
1106 1746 1146 1777 et
1182 1753 1278 1776 onus
1306 1738 1432 1776 veteri
1460 1750 1556 1789 pro-

91 1810 228 1847 verbio
259 1809 559 1862 opponantur]

206 1876 244 1927 §.
277 1881 317 1916 3.
374 1876 526 1918 videar.
593 1876 727 1917 videat
765 1876 876 1918 Jens.
916 1874 1019 1916 Loc.
1059 1874 1198 1926 Ven.‚
1243 1875 1315 1928 qui
1358 1887 1465 1912 error
1504 1887 1556 1911 ne

94 1946 136 1982 in
167 1942 288 1983 Tarv.
321 1946 488 1998 quidem
518 1954 589 1986 est.
716 1944 950 2000 eloquentia.
1010 1943 1096 1998 loq.·
1130 1941 1259 1982 Amb.
1295 1946 1334 1981 1.
1460 1956 1558 1995 quo—

93 2028 166 2066 quc
196 2013 346 2051 omittit
375 2009 499 2052 Goth.

208 2081 245 2132 §.
275 2080 317 2119 4.
373 2081 563 2133 provecti.
619 2078 795 2135 profecti
823 2077 963 2118 Turio.
996 2093 1018 2117 a
1041 2093 1120 2118 sec.
1145 2093 1201 2117 m.
1234 2075 1375 2130 Camp.

207 2151 244 2201 ξ.
277 2152 317 2189 5.
377 2159 530 2202 quoqne
567 2146 762 2203 profecto.
831 2144 944 2186 Illud
981 2148 1110 2185 omitt.
1149 2143 1287 2196 Sich.,
1328 2145 1406 2184 hoc
1447 2143 1556 2184 Flor.

209 2220 250 2256 in
285 2218 412 2256 initio.
472 2217 626 2255 initium
656 2217 778 2254 etiam
802 2213 912 2254 Flor.
974 2216 1015 2252 in
1044 2215 1237 2252 omittunt
1266 2211 1359 2252 Par.
1389 2216 1427 2251 1.
1452 2217 1492 2251 2.
1518 2216 1557 2251 3.

98 2288 138 2327 4.
179 2284 306 2326 Amb.
335 2290 376 2325 2.
418 2282 584 2337 Camp.‚
625 2283 739 2322 haud
779 2282 901 2321 dubie
938 2279 1065 2321 Amb.
1106 2286 1144 2320 1.
1272 2296 1345 2334 quo
1374 2282 1557 2334 primum.

96 2353 156 2394 Ita
188 2354 297 2394 Flor.
329 2352 562 2392 Amb.1.2.
593 2351 684 2392 Par.
704 2356 741 2391 1.
759 2356 799 2391 2.
815 2356 854 2391 3.
958 2348 1159 2406 feceram.
1189 2347 1258 2389 Sic
1288 2346 1398 2387 Flor.
1431 2345 1559 2386 Amb.

101 2427 138 2462 1.
172 2428 211 2462 2.
258 2420 434 2478 fecerim
472 2423 624 2474 primus
665 2420 775 2460 dedit
812 2418 927 2459 Sich.
1044 2416 1136 2475 cleos
1174 2417 1323 2456 omittit
1359 2413 1486 2455 Amb.
1518 2420 1558 2454 2.

100 2505 193 2530 culn
233 2488 355 2529 Voss.
387 2494 427 2529 1.
545 2491 754 2543 ipsumque.
814 2490 941 2542 ipsum
979 2502 1131 2540 quoquc
1168 2485 1260 2524 edd.
1301 2492 1394 2523 ante
1432 2482 1558 2534 Ald.‚

102 2574 189 2598 exc.
222 2557 361 2611 Cmnp.
478 2574 596 2612 neque
620 2557 722 2597 stud.
781 2573 848 2596 ncc
875 2554 977 2595 stud.
1009 2553 1147 2593 Turio.
1175 2552 1284 2592 Flor.
1316 2550 1442 2591 Amb.
1460 2556 1498 2590 ¹1.
1518 2556 1557 2592 2.

101 2624 237 2665 Guelf.
278 2623 417 2679 Camp.
533 2629 745 2680 proprium.
803 2622 862 2664 Ita
892 2624 1000 2664 Flor.
1031 2621 1156 2662 Amb.
1186 2627 1226 2661 2.
1269 2619 1360 2660 Par.
1395 2625 1433 2660 1.
1456 2625 1495 2659 2.
1518 2624 1557 2658 3.

102 2696 142 2733 4.
200 2696 417 2748 propitium
447 2694 554 2735 Flor.
587 2710 609 2734 a
639 2710 715 2734 sec.
745 2708 822 2742 m.,
855 2694 946 2733 fort.
981 2690 1104 2731 Amb.
1138 2694 1201 2740 1.,
1235 2690 1303 2743 qui
1333 2690 1472 2728 siletur
1499 2686 1558 2740 (in
