1721 2974
413 194 467 236 acl
499 194 663 250 Qussntil.
696 194 826 236 Iussit.
862 193 896 247 Ῐ,
931 198 968 237 5.
999 198 1036 249 §.
1070 195 1268 239 32--45.
1520 200 1574 237 37

111 307 254 363 Camp.
284 306 394 350 Jens.
427 319 466 351 et
495 311 586 351 edd.
618 319 782 365 posterr.
814 318 908 350 ante
928 308 1030 349 Bad.
1147 319 1212 361 ut,
1249 306 1355 348 Veni
1375 308 1422 348 de
1438 308 1567 350 Susis.

106 373 157 415 ln
185 376 251 416 his
279 379 456 418 maxime
485 380 683 418 fluctuant
711 378 827 418 codd.
859 387 900 416 ut
929 392 1008 418 om.
1041 376 1176 417 Turio.
1216 375 1325 418 Flor.
1369 375 1491 417 Amb.
1527 381 1564 416 1.

108 440 244 484 Guelf.
305 461 396 485 nam
437 447 539 485 enim
580 443 708 501 (corr.
753 448 801 485 ab
841 447 891 485 al.
923 460 978 486 m.
1007 443 1123 498 veni)
1164 443 1212 483 de
1239 460 1370 483 susum
1399 441 1565 496 TurIc.;

104 511 163 551 ita
190 510 299 553 Flor.
329 511 442 553 AJm.
472 511 600 553 Amb.
628 519 664 554 1.
699 511 834 554 Guelf.
867 512 961 567 (sed
990 515 1099 563 veni,
1133 520 1178 552 ut
1208 509 1310 552 Tur.
1334 527 1355 550 a
1377 527 1431 550 m.
1451 508 1564 563 sec.)

106 595 196 619 nam
227 584 320 620 vem·
348 580 402 620 acl
427 597 558 619 susum
589 579 731 635 Camp.
792 580 955 622 Similes
984 583 1193 621 varietates
1223 579 1315 620 vide
1336 594 1399 632 ap.
1421 576 1563 618 Burm.

220 647 415 701 [Ambulo
432 651 549 688 viam.
578 647 718 703 Neque
736 650 1025 689 detractionem
1042 650 1238 701 intelligo,
1268 662 1344 686 nec
1361 646 1563 701 quomodo

102 713 182 754 hoc
204 717 408 755 soloecum
430 719 495 768 sit,
527 732 620 756 cum
640 721 724 769 ipse
745 715 889 767 Quint.
911 733 997 769 sup.
1017 732 1101 770 cap.
1130 718 1164 768 §-
1186 721 1240 756 28
1262 731 1371 754 mare
1393 715 1565 753 curritur

101 785 292 834 posuerit.
348 780 493 822 Malim
521 781 675 822 ambulo
697 785 762 822 via
776 814 786 834 ,
817 793 862 823 ut
884 786 1027 822 omissa
1047 786 1097 822 sit
1115 785 1352 836 praepositio
1374 780 1453 832 im]

216 852 253 902 §.
286 853 354 890 39.
415 852 459 888 in
489 852 624 890 initio.
685 853 729 889 in
766 865 846 890 om.
888 849 1029 890 Turio.
1069 849 1177 890 Flor.
1208 849 1324 890 Alm.
1387 852 1430 888 in
1459 851 1563 888 viiio

101 914 250 957 Joann.
273 913 409 957 Guelf.
430 915 544 957 Sich.
604 920 738 969 vicio,
770 933 849 958 om.
872 922 914 956 in
936 917 1078 972 Camp.
1140 919 1210 972 [et
1229 920 1305 972 ipsi
1324 917 1562 971 Spaldingio

102 985 322 1039 aliquando
365 986 684 1038 expungendum
712 985 967 1037 videbatur]
1086 1002 1274 1041 nusquam
1305 1003 1384 1040 rep.
1419 983 1560 1037 Camp.

218 1051 313 1106 [De
343 1056 475 1107 positu
506 1056 798 1105 coujunctIOniS
829 1057 957 1107 igitur
985 1055 1093 1109 apud
1123 1052 1360 1095 Ciceronem
1381 1053 1474 1094 vide
1494 1067 1562 1090 me

102 1121 148 1158 in
181 1118 364 1162 Gramm.
395 1119 489 1161 Lat.
523 1123 558 1173 §.
585 1120 714 1172 357.]

217 1192 253 1241 §.
285 1189 354 1229 40.
415 1189 608 1229 deducunt
654 1186 795 1229 Turic.
840 1188 949 1230 Flor.
998 1187 1125 1230 Amb.
1163 1195 1201 1231 1,
1244 1188 1363 1230 Bodl.
1403 1186 1559 1228 Ahnel.

105 1253 248 1309 Camp.
280 1255 390 1297 Jens.
422 1255 544 1298 Tarv.
569 1256 679 1297 Ven.
711 1256 812 1297 Ald.
873 1256 1059 1296 dividunt
1087 1258 1234 1298 Joann.
1265 1256 1385 1297 Voss.
1411 1261 1449 1296 1.

103 1323 248 1362 cadunt
276 1323 383 1363 Flor.
415 1324 530 1365 Alm.
559 1323 688 1364 Amb.
712 1329 750 1365 1.
780 1324 905 1365 Paris.
931 1330 966 1364 1.
1002 1325 1143 1378 Camp.
1196 1327 1246 1364 cf.
1278 1333 1375 1364 nota
1405 1330 1560 1376 exeget.

102 1389 242 1443 Spald.
331 1391 460 1431 eodem
482 1391 686 1446 appellari
703 1391 818 1431 morlo
835 1408 950 1446 posse
966 1396 1073 1432 Flor.
1086 1392 1213 1432 Aan.
1231 1397 1267 1432 1.
1287 1390 1423 1432 Guelf.
1473 1388 1557 1429 εοᾶ.

101 1457 216 1498 modo
237 1474 329 1512 app.
350 1469 479 1514 potest
502 1458 643 1513 Camp.
693 1458 824 1499 eodem
844 1459 988 1514 appell.
1008 1476 1123 1514 posse
1141 1459 1237 1513 (om.
1259 1457 1392 1513 modo)
1415 1455 1557 1497 Turio.

216 1528 250 1580 §.
283 1528 351 1568 41.
412 1531 496 1566 sive
526 1529 589 1567 cui
616 1537 755 1567 status.
816 1529 900 1567 sive
936 1530 1033 1582 quia
1067 1538 1193 1566 status
1223 1525 1364 1567 Tui-ic.
1395 1525 1502 1566 Flor.
1536 1540 1560 1564 a

99 1610 162 1648 pr.
192 1609 249 1635 m.
282 1593 383 1649 (sec.
414 1611 470 1635 m.
502 1596 643 1636 dedjt:
677 1613 709 1635 s.
741 1599 808 1636 cuz:
835 1594 1013 1651 staseos)
1051 1594 1198 1636 Joann.
1230 1593 1386 1635 AJmel.
1419 1591 1554 1634 Guelf.

98 1661 222 1703 Bern.
255 1661 367 1704 Sich.
483 1663 559 1703 alic·
585 1663 754 1705 volunt.
795 1663 872 1703 alia·
901 1663 1039 1703 dicunt
1069 1661 1192 1704 Goth.
1224 1678 1319 1704 cum
1348 1663 1438 1702 edd.
1463 1670 1556 1701 ante

27 1744 29 1746 ·
98 1729 212 1771 Sich.
247 1732 361 1781 (exc.
395 1729 567 1787 Camp.)

212 1803 248 1852 §.
271 1800 339 1840 42.
374 1810 575 1854 praeiet-co
598 1799 699 1841 Obr.
723 1803 844 1853 solus3
877 1808 916 1840 et
933 1802 1141 1853 vulgatam
1159 1799 1340 1839 defendit
1361 1797 1489 1839 Amb.
1515 1803 1553 1838 1.

184 1866 420 1906 devitandae
457 1865 598 1908 Turio.
638 1867 746 1908 Flor.
778 1867 899 1908 Bodl.
929 1867 1048 1907 Voss.
1076 1872 1113 1907 1.
1136 1872 1174 1908 3.
1207 1866 1350 1920 Camp.
1392 1876 1431 1906 et
1461 1875 1552 1906 cett.

99 1936 190 1975 edd.
224 1944 316 1975 ante
347 1933 528 1989 Gryph.,
561 1951 642 1976 acc.
674 1935 802 1988 Obr.3
844 1934 972 1976 Amb.
1000 1940 1036 1975 1.
1065 1944 1205 1975 tuetur
1225 1937 1314 1974 evit.
1337 1950 1431 1974 cum
1453 1936 1555 1985 aliis,

99 2005 170 2058 qui
188 2005 369 2042 silentur.
488 1987 593 2056 quon
612 2015 757 2043 vocant
781 2003 934 2042 dualem
963 2002 1064 2044 Obr.
1098 2001 1180 2057 (ex
1206 2001 1554 2055 Argentoratensi,

97 2074 132 2111 εἰ
160 2079 267 2110 recte
297 2067 483 2124 conjicio)
514 2068 629 2109 Alm.
659 2069 768 2110 Flor.
798 2069 939 2123 Camp.
967 2068 1092 2110 Tarv.
1113 2069 1223 2110 Ven.
1244 2072 1334 2110 fort.
1365 2068 1491 2109 Amb.
1516 2073 1554 2109 1.

168 2137 265 2195 fire
293 2145 384 2176 ante
415 2135 728 2190 deprehendatur
757 2139 875 2176 inser.
909 2138 999 2177 edd.
1031 2147 1137 2185 vett„
1158 2140 1387 2191 pleraeque.

212 2206 248 2258 §.
280 2205 348 2244 43.
409 2203 468 2243 nil
493 2203 630 2243 horum
659 2202 799 2244 Turio.
831 2202 954 2244 Goth.
988 2202 1123 2244 Guelf.
1146 2204 1255 2245 Jens.
1280 2214 1320 2244 et
1340 2207 1441 2244 aliae
1462 2205 1552 2245 edd.

98 2283 196 2316 vett.
227 2282 320 2312 ante
352 2270 507 2326 Gryph.
621 2275 867 2325 pronunciet.
916 2269 1058 2311 Turio.
1084 2269 1207 2312 Amb.
1234 2277 1272 2311 1.
1303 2275 1439 2325 inepte
1457 2288 1556 2326 pro-

99 2344 304 2392 mmcierc’5
341 2343 399 2380 ita
426 2339 534 2379 Flor.
566 2353 589 2378 a
616 2354 672 2379 m.
701 2354 778 2378 sec.
813 2342 947 2392 (prius
979 2348 1063 2378 erat
1091 2339 1395 2394 p1·onuncie1·t);
1433 2357 1555 2395 prae-

97 2413 280 2450 nunciere
310 2407 452 2461 Camp.

213 2478 249 2530 §.
277 2477 344 2517 44.
405 2476 472 2516 M.
508 2474 700 2515 Tullium.
747 2474 814 2514 M.
848 2490 926 2515 om.
956 2474 1064 2515 Flor.
1230 2505 1237 2507 μ

215 2546 250 2597 §.
284 2546 350 2586 45.
410 2543 656 2583 Similiter-ne
694 2545 735 2581 c'n
764 2558 851 2583 voc.
894 2540 1033 2582 Turio.
1073 2542 1180 2582 Flor.
1224 2541 1359 2584 Guelf.
1399 2541 1554 2584 Almel.

100 2614 219 2656 Bodl.
270 2613 416 2653 Joann.
465 2610 583 2651 Voss.
620 2616 656 2650 1.
692 2616 729 2650 3.
782 2609 904 2651 Bern.
955 2610 1065 2650 Sich.
1184 2611 1380 2665 quidquid
1418 2612 1556 2652 horum

99 2681 225 2722 Amb.
251 2685 287 2721 1.
405 2679 686 2733 subjungantur
714 2677 820 2719 Flor.
853 2676 988 2720 Guelf.
1006 2711 1016 2730 ,
1061 2689 1104 2720 ut
1132 2677 1242 2720 Alm.
1262 2678 1408 2721 Joann.
1428 2678 1552 2721 Bern.
