<?xml version="1.0" encoding="UTF-8"?>
<!DOCTYPE html PUBLIC "-//W3C//DTD XHTML 1.0 Transitional//EN"
    "http://www.w3.org/TR/xhtml1/DTD/xhtml1-transitional.dtd">
<html xmlns="http://www.w3.org/1999/xhtml" xml:lang="en" lang="en">
 <head>
  <title>
</title>
<meta http-equiv="Content-Type" content="text/html;charset=utf-8" />
  <meta name='ocr-system' content='tesseract 3.04.00' />
  <meta name='ocr-capabilities' content='ocr_page ocr_carea ocr_par ocr_line ocrx_word'/>
</head>
<body>
  <div class='ocr_page' id='page_1' title='image "./deinstitutioneor05quinuoft_0026.png"; bbox 0 0 1695 2974; ppageno 0'>
   <div class='ocr_carea' id='block_1_1' title="bbox 141 146 1582 923">
    <p class='ocr_par' dir='ltr' id='par_1_1' title="bbox 146 146 250 180">
     <span class='ocr_line' id='line_1_1' title="bbox 146 146 250 180; baseline -0.01 0"><span class='ocrx_word' id='word_1_1' title='bbox 146 146 250 180; x_wconf 81' lang='lat' dir='ltr'>XXH</span> 
     </span>
    </p>

    <p class='ocr_par' dir='ltr' id='par_1_2' title="bbox 141 240 1582 923">
     <span class='ocr_line' id='line_1_2' title="bbox 144 240 1575 298; baseline -0.001 -15"><span class='ocrx_word' id='word_1_2' title='bbox 144 245 295 298; x_wconf 87' lang='lat' dir='ltr'>quique</span> <span class='ocrx_word' id='word_1_3' title='bbox 334 241 781 295; x_wconf 80' lang='lat' dir='ltr'>manuscripticollati</span> <span class='ocrx_word' id='word_1_4' title='bbox 821 241 999 289; x_wconf 82' lang='lat' dir='ltr'>suerint,</span> <span class='ocrx_word' id='word_1_5' title='bbox 1052 250 1097 281; x_wconf 90' lang='lat' dir='ltr'>ut</span> <span class='ocrx_word' id='word_1_6' title='bbox 1136 241 1206 294; x_wconf 87' lang='lat' dir='ltr'>qui</span> <span class='ocrx_word' id='word_1_7' title='bbox 1252 249 1342 293; x_wconf 88' lang='lat' dir='ltr'>post</span> <span class='ocrx_word' id='word_1_8' title='bbox 1382 255 1458 282; x_wconf 89' lang='lat' dir='ltr'>nos</span> <span class='ocrx_word' id='word_1_9' title='bbox 1497 240 1575 282; x_wconf 83' lang='lat' dir='ltr'>hac</span> 
     </span>
     <span class='ocr_line' id='line_1_3' title="bbox 142 318 1577 374; baseline -0.001 -14"><span class='ocrx_word' id='word_1_10' title='bbox 142 320 339 374; x_wconf 83' lang='lat' dir='ltr'>congerie</span> <span class='ocrx_word' id='word_1_11' title='bbox 379 320 497 359; x_wconf 86' lang='lat' dir='ltr'>usuri</span> <span class='ocrx_word' id='word_1_12' title='bbox 536 320 642 369; x_wconf 88' lang='lat' dir='ltr'>sint,</span> <span class='ocrx_word' id='word_1_13' title='bbox 691 318 896 367; x_wconf 82' lang='lat' dir='ltr'>habeant,</span> <span class='ocrx_word' id='word_1_14' title='bbox 947 318 1000 358; x_wconf 86' lang='lat' dir='ltr'>ad</span> <span class='ocrx_word' id='word_1_15' title='bbox 1045 318 1155 373; x_wconf 90' lang='lat' dir='ltr'>quod</span> <span class='ocrx_word' id='word_1_16' title='bbox 1205 319 1490 372; x_wconf 86' lang='lat' dir='ltr'>conjecturas,</span> <span class='ocrx_word' id='word_1_17' title='bbox 1536 320 1577 359; x_wconf 87' lang='lat' dir='ltr'>si</span> 
     </span>
     <span class='ocr_line' id='line_1_4' title="bbox 143 396 1577 452; baseline 0 -14"><span class='ocrx_word' id='word_1_18' title='bbox 143 412 247 452; x_wconf 90' lang='lat' dir='ltr'>opus</span> <span class='ocrx_word' id='word_1_19' title='bbox 276 398 342 448; x_wconf 85' lang='lat' dir='ltr'>sit,</span> <span class='ocrx_word' id='word_1_20' title='bbox 370 399 602 438; x_wconf 77' lang='lat' dir='ltr'><strong>instituant.</strong></span> <span class='ocrx_word' id='word_1_21' title='bbox 659 397 713 437; x_wconf 77' lang='lat' dir='ltr'>Et</span> <span class='ocrx_word' id='word_1_22' title='bbox 739 396 1007 451; x_wconf 83' lang='lat' dir='ltr'>Spaldingius</span> <span class='ocrx_word' id='word_1_23' title='bbox 1037 396 1204 450; x_wconf 91' lang='lat' dir='ltr'>quidem</span> <span class='ocrx_word' id='word_1_24' title='bbox 1233 398 1322 451; x_wconf 90' lang='lat' dir='ltr'>ipse</span> <span class='ocrx_word' id='word_1_25' title='bbox 1352 397 1577 438; x_wconf 85' lang='lat' dir='ltr'>editionem</span> 
     </span>
     <span class='ocr_line' id='line_1_5' title="bbox 142 473 1578 530; baseline 0 -15"><span class='ocrx_word' id='word_1_26' title='bbox 142 473 346 530; x_wconf 88' lang='lat' dir='ltr'>Campani</span> <span class='ocrx_word' id='word_1_27' title='bbox 370 485 412 516; x_wconf 93' lang='lat' dir='ltr'>et</span> <span class='ocrx_word' id='word_1_28' title='bbox 441 477 605 517; x_wconf 89' lang='lat' dir='ltr'>codices</span> <span class='ocrx_word' id='word_1_29' title='bbox 626 474 752 516; x_wconf 84' lang='lat' dir='ltr'>Goth.</span> <span class='ocrx_word' id='word_1_30' title='bbox 781 483 822 514; x_wconf 91' lang='lat' dir='ltr'>et</span> <span class='ocrx_word' id='word_1_31' title='bbox 840 474 1056 516; x_wconf 86' lang='lat' dir='ltr'>Guelferb.</span> <span class='ocrx_word' id='word_1_32' title='bbox 1083 490 1177 516; x_wconf 91' lang='lat' dir='ltr'>cum</span> <span class='ocrx_word' id='word_1_33' title='bbox 1206 475 1392 516; x_wconf 84' lang='lat' dir='ltr'>editione</span> <span class='ocrx_word' id='word_1_34' title='bbox 1419 474 1578 516; x_wconf 87' lang='lat' dir='ltr'>Gesne-</span> 
     </span>
     <span class='ocr_line' id='line_1_6' title="bbox 142 552 1580 604; baseline -0.001 -10"><span class='ocrx_word' id='word_1_35' title='bbox 142 556 260 595; x_wconf 88' lang='lat' dir='ltr'>riana</span> <span class='ocrx_word' id='word_1_36' title='bbox 291 553 482 604; x_wconf 86' lang='lat' dir='ltr'>contulit,</span> <span class='ocrx_word' id='word_1_37' title='bbox 514 552 692 595; x_wconf 86' lang='lat' dir='ltr'>Codices</span> <span class='ocrx_word' id='word_1_38' title='bbox 723 552 985 604; x_wconf 90' lang='lat' dir='ltr'>Turicensis,</span> <span class='ocrx_word' id='word_1_39' title='bbox 1014 553 1201 595; x_wconf 90' lang='lat' dir='ltr'>Florent.</span> <span class='ocrx_word' id='word_1_40' title='bbox 1231 552 1428 594; x_wconf 88' lang='lat' dir='ltr'>Ambros.</span> <span class='ocrx_word' id='word_1_41' title='bbox 1455 552 1496 593; x_wconf 94' lang='lat' dir='ltr'>II</span> <span class='ocrx_word' id='word_1_42' title='bbox 1525 553 1580 593; x_wconf 90' lang='lat' dir='ltr'>ad</span> 
     </span>
     <span class='ocr_line' id='line_1_7' title="bbox 141 630 1578 687; baseline -0.001 -14"><span class='ocrx_word' id='word_1_43' title='bbox 141 631 499 673; x_wconf 87' lang='lat' dir='ltr'>Burmannianam</span> <span class='ocrx_word' id='word_1_44' title='bbox 552 632 688 687; x_wconf 88' lang='lat' dir='ltr'>Lugd.</span> <span class='ocrx_word' id='word_1_45' title='bbox 734 630 828 672; x_wconf 82' lang='lat' dir='ltr'>Bat.</span> <span class='ocrx_word' id='word_1_46' title='bbox 863 631 990 683; x_wconf 84' lang='lat'>1720,</span> <span class='ocrx_word' id='word_1_47' title='bbox 1040 631 1349 673; x_wconf 83' lang='lat' dir='ltr'>Ambrosianus</span> <span class='ocrx_word' id='word_1_48' title='bbox 1375 631 1419 681; x_wconf 92' lang='lat' dir='ltr'>I,</span> <span class='ocrx_word' id='word_1_49' title='bbox 1469 631 1578 686; x_wconf 90' lang='lat' dir='ltr'>quod</span> 
     </span>
     <span class='ocr_line' id='line_1_8' title="bbox 142 708 1579 766; baseline -0.002 -15"><span class='ocrx_word' id='word_1_50' title='bbox 142 712 348 766; x_wconf 87' lang='lat' dir='ltr'>imprimis</span> <span class='ocrx_word' id='word_1_51' title='bbox 388 711 618 751; x_wconf 87' lang='lat' dir='ltr'>notandum</span> <span class='ocrx_word' id='word_1_52' title='bbox 659 711 845 761; x_wconf 66' lang='lat' dir='ltr'>videtur,</span> <span class='ocrx_word' id='word_1_53' title='bbox 889 711 941 751; x_wconf 82' lang='lat' dir='ltr'>ad</span> <span class='ocrx_word' id='word_1_54' title='bbox 980 709 1312 751; x_wconf 86' lang='lat' dir='ltr'>Obrechtianam</span> <span class='ocrx_word' id='word_1_55' title='bbox 1350 708 1579 764; x_wconf 82' lang='lat' dir='ltr'>Argentor.</span> 
     </span>
     <span class='ocr_line' id='line_1_9' title="bbox 144 787 1580 843; baseline -0.003 -13"><span class='ocrx_word' id='word_1_56' title='bbox 144 792 252 831; x_wconf 83' lang='lat'>1698</span> <span class='ocrx_word' id='word_1_57' title='bbox 282 791 423 830; x_wconf 84' lang='lat' dir='ltr'>exacti</span> <span class='ocrx_word' id='word_1_58' title='bbox 456 797 566 830; x_wconf 89' lang='lat' dir='ltr'>sunt.</span> <span class='ocrx_word' id='word_1_59' title='bbox 647 787 827 829; x_wconf 85' lang='lat' dir='ltr'>Veteres</span> <span class='ocrx_word' id='word_1_60' title='bbox 857 789 1059 843; x_wconf 92' lang='lat' dir='ltr'>denique,</span> <span class='ocrx_word' id='word_1_61' title='bbox 1102 797 1148 829; x_wconf 91' lang='lat' dir='ltr'>ut</span> <span class='ocrx_word' id='word_1_62' title='bbox 1175 788 1256 828; x_wconf 92' lang='lat' dir='ltr'>hoc</span> <span class='ocrx_word' id='word_1_63' title='bbox 1287 787 1462 838; x_wconf 83' lang='lat' dir='ltr'>addam,</span> <span class='ocrx_word' id='word_1_64' title='bbox 1492 787 1580 826; x_wconf 89' lang='lat' dir='ltr'>edi-</span> 
     </span>
     <span class='ocr_line' id='line_1_10' title="bbox 141 848 1582 923; baseline -0.001 -16"><span class='ocrx_word' id='word_1_65' title='bbox 141 869 297 918; x_wconf 83' lang='lat' dir='ltr'>tiones,</span> <span class='ocrx_word' id='word_1_66' title='bbox 339 882 442 923; x_wconf 91' lang='lat' dir='ltr'>quas</span> <span class='ocrx_word' id='word_1_67' title='bbox 474 882 551 908; x_wconf 93' lang='lat' dir='ltr'>nos</span> <span class='ocrx_word' id='word_1_68' title='bbox 580 867 662 922; x_wconf 89' lang='lat' dir='ltr'>ipsi</span> <span class='ocrx_word' id='word_1_69' title='bbox 698 875 793 922; x_wconf 88' lang='lat' dir='ltr'>post</span> <span class='ocrx_word' id='word_1_70' title='bbox 823 866 1113 923; x_wconf 84' lang='lat' dir='ltr'>Spaldingium</span> <span class='ocrx_word' id='word_1_71' title='bbox 1144 867 1282 907; x_wconf 87' lang='lat' dir='ltr'>denuo</span> <span class='ocrx_word' id='word_1_72' title='bbox 1312 848 1582 921; x_wconf 55' lang='lat' dir='ltr'>perlustraviss</span> 
     </span>
    </p>
   </div>
   <div class='ocr_carea' id='block_1_2' title="bbox 141 945 1186 1001">
    <p class='ocr_par' dir='ltr' id='par_1_3' title="bbox 141 945 1186 1001">
     <span class='ocr_line' id='line_1_11' title="bbox 141 945 1186 1001; baseline 0.001 -16"><span class='ocrx_word' id='word_1_73' title='bbox 141 959 257 996; x_wconf 89' lang='lat' dir='ltr'>mus,</span> <span class='ocrx_word' id='word_1_74' title='bbox 288 960 384 986; x_wconf 89' lang='lat' dir='ltr'>cum</span> <span class='ocrx_word' id='word_1_75' title='bbox 414 945 493 987; x_wconf 89' lang='lat' dir='ltr'>hac</span> <span class='ocrx_word' id='word_1_76' title='bbox 522 947 755 986; x_wconf 86' lang='lat' dir='ltr'>novissima</span> <span class='ocrx_word' id='word_1_77' title='bbox 784 955 1046 1001; x_wconf 80' lang='lat' dir='ltr'>comparatae</span> <span class='ocrx_word' id='word_1_78' title='bbox 1077 954 1186 987; x_wconf 77' lang='lat' dir='ltr'>sunt,</span> 
     </span>
    </p>
   </div>
   <div class='ocr_carea' id='block_1_3' title="bbox 133 1100 1583 2024">
    <p class='ocr_par' dir='ltr' id='par_1_4' title="bbox 133 1100 1583 2024">
     <span class='ocr_line' id='line_1_12' title="bbox 277 1100 1580 1158; baseline -0.001 -15"><span class='ocrx_word' id='word_1_79' title='bbox 277 1103 326 1144; x_wconf 89' lang='lat' dir='ltr'>In</span> <span class='ocrx_word' id='word_1_80' title='bbox 365 1103 433 1144; x_wconf 91' lang='lat' dir='ltr'>his</span> <span class='ocrx_word' id='word_1_81' title='bbox 471 1105 601 1158; x_wconf 87' lang='lat' dir='ltr'>igitur</span> <span class='ocrx_word' id='word_1_82' title='bbox 643 1103 833 1145; x_wconf 91' lang='lat' dir='ltr'>codicum</span> <span class='ocrx_word' id='word_1_83' title='bbox 879 1105 1259 1158; x_wconf 84' lang='lat' dir='ltr'>manuscriptorum</span> <span class='ocrx_word' id='word_1_84' title='bbox 1305 1100 1580 1151; x_wconf 86' lang='lat' dir='ltr'>lectionibus,</span> 
     </span>
     <span class='ocr_line' id='line_1_13' title="bbox 139 1182 1583 1236; baseline -0.001 -14"><span class='ocrx_word' id='word_1_85' title='bbox 139 1190 339 1236; x_wconf 85' lang='lat' dir='ltr'>quantum</span> <span class='ocrx_word' id='word_1_86' title='bbox 360 1183 527 1236; x_wconf 88' lang='lat' dir='ltr'>quidem</span> <span class='ocrx_word' id='word_1_87' title='bbox 557 1190 758 1236; x_wconf 83' lang='lat' dir='ltr'>excerpta</span> <span class='ocrx_word' id='word_1_88' title='bbox 787 1190 930 1222; x_wconf 85' lang='lat' dir='ltr'>nostra</span> <span class='ocrx_word' id='word_1_89' title='bbox 958 1182 1260 1235; x_wconf 84' lang='lat' dir='ltr'>permiserunt,</span> <span class='ocrx_word' id='word_1_90' title='bbox 1291 1195 1454 1221; x_wconf 89' lang='lat' dir='ltr'>summa</span> <span class='ocrx_word' id='word_1_91' title='bbox 1483 1195 1583 1222; x_wconf 82' lang='lat' dir='ltr'>cura</span> 
     </span>
     <span class='ocr_line' id='line_1_14' title="bbox 138 1257 1581 1301; baseline -0.001 -1"><span class='ocrx_word' id='word_1_92' title='bbox 138 1261 295 1301; x_wconf 74' lang='lat' dir='ltr'>versati</span> <span class='ocrx_word' id='word_1_93' title='bbox 333 1274 492 1301; x_wconf 89' lang='lat' dir='ltr'>sumus.</span> <span class='ocrx_word' id='word_1_94' title='bbox 562 1259 794 1301; x_wconf 83' lang='lat' dir='ltr'>Habebunt</span> <span class='ocrx_word' id='word_1_95' title='bbox 830 1262 873 1300; x_wconf 91' lang='lat' dir='ltr'>in</span> <span class='ocrx_word' id='word_1_96' title='bbox 902 1261 955 1300; x_wconf 90' lang='lat' dir='ltr'>iis</span> <span class='ocrx_word' id='word_1_97' title='bbox 986 1260 1165 1300; x_wconf 85' lang='lat' dir='ltr'>studiosi</span> <span class='ocrx_word' id='word_1_98' title='bbox 1193 1259 1441 1301; x_wconf 88' lang='lat' dir='ltr'>Latinarum</span> <span class='ocrx_word' id='word_1_99' title='bbox 1469 1257 1581 1299; x_wconf 87' lang='lat' dir='ltr'>litte-</span> 
     </span>
     <span class='ocr_line' id='line_1_15' title="bbox 136 1336 1583 1393; baseline 0 -15"><span class='ocrx_word' id='word_1_100' title='bbox 136 1353 277 1379; x_wconf 85' lang='lat' dir='ltr'>rarum</span> <span class='ocrx_word' id='word_1_101' title='bbox 315 1338 576 1381; x_wconf 85' lang='lat' dir='ltr'>uberrimum</span> <span class='ocrx_word' id='word_1_102' title='bbox 613 1339 868 1393; x_wconf 85' lang='lat' dir='ltr'>praesidium</span> <span class='ocrx_word' id='word_1_103' title='bbox 906 1339 958 1379; x_wconf 92' lang='lat' dir='ltr'>ad</span> <span class='ocrx_word' id='word_1_104' title='bbox 1001 1336 1308 1386; x_wconf 78' lang='lat' dir='ltr'>Quintilianum</span> <span class='ocrx_word' id='word_1_105' title='bbox 1344 1337 1583 1379; x_wconf 86' lang='lat' dir='ltr'>emaculan-</span> 
     </span>
     <span class='ocr_line' id='line_1_16' title="bbox 136 1414 1580 1472; baseline 0 -14"><span class='ocrx_word' id='word_1_106' title='bbox 136 1418 258 1468; x_wconf 85' lang='lat' dir='ltr'>dum,</span> <span class='ocrx_word' id='word_1_107' title='bbox 293 1426 334 1458; x_wconf 90' lang='lat' dir='ltr'>et</span> <span class='ocrx_word' id='word_1_108' title='bbox 362 1431 614 1472; x_wconf 82' lang='lat' dir='ltr'>quamquam</span> <span class='ocrx_word' id='word_1_109' title='bbox 645 1415 847 1458; x_wconf 90' lang='lat' dir='ltr'>dolebunt</span> <span class='ocrx_word' id='word_1_110' title='bbox 877 1416 1057 1457; x_wconf 87' lang='lat' dir='ltr'>fortasse</span> <span class='ocrx_word' id='word_1_111' title='bbox 1090 1414 1211 1469; x_wconf 89' lang='lat' dir='ltr'>(mihi</span> <span class='ocrx_word' id='word_1_112' title='bbox 1239 1416 1352 1456; x_wconf 90' lang='lat' dir='ltr'>enim</span> <span class='ocrx_word' id='word_1_113' title='bbox 1374 1417 1580 1469; x_wconf 83' lang='lat' dir='ltr'>juvenum</span> 
     </span>
     <span class='ocr_line' id='line_1_17' title="bbox 135 1493 1581 1551; baseline 0.001 -15"><span class='ocrx_word' id='word_1_114' title='bbox 135 1497 451 1537; x_wconf 85' lang='lat' dir='ltr'>exercitationis</span> <span class='ocrx_word' id='word_1_115' title='bbox 504 1509 630 1536; x_wconf 90' lang='lat' dir='ltr'>causa</span> <span class='ocrx_word' id='word_1_116' title='bbox 679 1496 823 1536; x_wconf 89' lang='lat' dir='ltr'>nescio</span> <span class='ocrx_word' id='word_1_117' title='bbox 875 1495 1082 1551; x_wconf 90' lang='lat' dir='ltr'>quomodo</span> <span class='ocrx_word' id='word_1_118' title='bbox 1129 1493 1399 1549; x_wconf 86' lang='lat' dir='ltr'>gaudendum</span> <span class='ocrx_word' id='word_1_119' title='bbox 1441 1497 1581 1550; x_wconf 84' lang='lat' dir='ltr'>potius</span> 
     </span>
     <span class='ocr_line' id='line_1_18' title="bbox 137 1571 1580 1629; baseline 0.001 -15"><span class='ocrx_word' id='word_1_120' title='bbox 137 1574 325 1629; x_wconf 85' lang='lat' dir='ltr'>videtur)</span> <span class='ocrx_word' id='word_1_121' title='bbox 373 1587 595 1628; x_wconf 89' lang='lat' dir='ltr'>superesse</span> <span class='ocrx_word' id='word_1_122' title='bbox 645 1574 886 1613; x_wconf 82' lang='lat' dir='ltr'>etiamnunc</span> <span class='ocrx_word' id='word_1_123' title='bbox 923 1571 1153 1628; x_wconf 89' lang='lat' dir='ltr'>permultos</span> <span class='ocrx_word' id='word_1_124' title='bbox 1193 1571 1333 1624; x_wconf 91' lang='lat' dir='ltr'>locos,</span> <span class='ocrx_word' id='word_1_125' title='bbox 1387 1575 1459 1628; x_wconf 90' lang='lat' dir='ltr'>qui</span> <span class='ocrx_word' id='word_1_126' title='bbox 1488 1575 1580 1623; x_wconf 64' lang='lat' dir='ltr'>{nisi</span> 
     </span>
     <span class='ocr_line' id='line_1_19' title="bbox 135 1650 1581 1707; baseline 0 -14"><span class='ocrx_word' id='word_1_127' title='bbox 135 1652 252 1694; x_wconf 85' lang='lat' dir='ltr'>felici</span> <span class='ocrx_word' id='word_1_128' title='bbox 292 1653 551 1694; x_wconf 84' lang='lat' dir='ltr'>divinatione</span> <span class='ocrx_word' id='word_1_129' title='bbox 593 1653 757 1693; x_wconf 89' lang='lat' dir='ltr'>restitui</span> <span class='ocrx_word' id='word_1_130' title='bbox 800 1660 1030 1707; x_wconf 79' lang='lat' dir='ltr'>nequeant,</span> <span class='ocrx_word' id='word_1_131' title='bbox 1084 1650 1311 1706; x_wconf 90' lang='lat' dir='ltr'>plurimum</span> <span class='ocrx_word' id='word_1_132' title='bbox 1349 1660 1488 1693; x_wconf 87' lang='lat' dir='ltr'>tamen</span> <span class='ocrx_word' id='word_1_133' title='bbox 1528 1653 1581 1693; x_wconf 90' lang='lat' dir='ltr'>ad</span> 
     </span>
     <span class='ocr_line' id='line_1_20' title="bbox 134 1728 1581 1787; baseline 0 -15"><span class='ocrx_word' id='word_1_134' title='bbox 134 1732 244 1773; x_wconf 89' lang='lat' dir='ltr'>hanc</span> <span class='ocrx_word' id='word_1_135' title='bbox 270 1746 361 1774; x_wconf 90' lang='lat' dir='ltr'>rem</span> <span class='ocrx_word' id='word_1_136' title='bbox 378 1731 565 1787; x_wconf 89' lang='lat' dir='ltr'>proderit</span> <span class='ocrx_word' id='word_1_137' title='bbox 593 1732 716 1782; x_wconf 89' lang='lat' dir='ltr'>scire,</span> <span class='ocrx_word' id='word_1_138' title='bbox 751 1739 822 1771; x_wconf 89' lang='lat' dir='ltr'>aut</span> <span class='ocrx_word' id='word_1_139' title='bbox 844 1729 951 1771; x_wconf 90' lang='lat' dir='ltr'>nihil</span> <span class='ocrx_word' id='word_1_140' title='bbox 971 1744 1064 1771; x_wconf 90' lang='lat' dir='ltr'>esse</span> <span class='ocrx_word' id='word_1_141' title='bbox 1088 1728 1268 1784; x_wconf 81' lang='lat' dir='ltr'>amplius</span> <span class='ocrx_word' id='word_1_142' title='bbox 1287 1744 1342 1770; x_wconf 85' lang='lat' dir='ltr'>ex</span> <span class='ocrx_word' id='word_1_143' title='bbox 1366 1730 1581 1772; x_wconf 82' lang='lat' dir='ltr'>codicibus</span> 
     </span>
     <span class='ocr_line' id='line_1_21' title="bbox 136 1806 1580 1866; baseline -0.002 -14"><span class='ocrx_word' id='word_1_144' title='bbox 136 1812 435 1865; x_wconf 86' lang='lat' dir='ltr'>manuscriptis</span> <span class='ocrx_word' id='word_1_145' title='bbox 474 1811 751 1866; x_wconf 87' lang='lat' dir='ltr'>sperandum,</span> <span class='ocrx_word' id='word_1_146' title='bbox 797 1811 880 1850; x_wconf 91' lang='lat' dir='ltr'>nisi</span> <span class='ocrx_word' id='word_1_147' title='bbox 917 1810 988 1864; x_wconf 91' lang='lat' dir='ltr'>qui</span> <span class='ocrx_word' id='word_1_148' title='bbox 1026 1810 1126 1849; x_wconf 90' lang='lat' dir='ltr'>novi</span> <span class='ocrx_word' id='word_1_149' title='bbox 1155 1806 1361 1863; x_wconf 86' lang='lat' dir='ltr'>singulari</span> <span class='ocrx_word' id='word_1_150' title='bbox 1393 1807 1580 1849; x_wconf 91' lang='lat' dir='ltr'>bonitate</span> 
     </span>
     <span class='ocr_line' id='line_1_22' title="bbox 136 1886 1581 1946; baseline -0.002 -15"><span class='ocrx_word' id='word_1_151' title='bbox 136 1889 456 1946; x_wconf 84' lang='lat' dir='ltr'>protrahantur,</span> <span class='ocrx_word' id='word_1_152' title='bbox 489 1897 562 1930; x_wconf 88' lang='lat' dir='ltr'>aut</span> <span class='ocrx_word' id='word_1_153' title='bbox 591 1886 730 1944; x_wconf 86' lang='lat' dir='ltr'>qualia</span> <span class='ocrx_word' id='word_1_154' title='bbox 758 1889 803 1928; x_wconf 93' lang='lat' dir='ltr'>in</span> <span class='ocrx_word' id='word_1_155' title='bbox 831 1888 911 1939; x_wconf 88' lang='lat' dir='ltr'>iis,</span> <span class='ocrx_word' id='word_1_156' title='bbox 954 1889 1026 1942; x_wconf 90' lang='lat' dir='ltr'>qui</span> <span class='ocrx_word' id='word_1_157' title='bbox 1055 1888 1345 1943; x_wconf 26' lang='lat' dir='ltr'>nunc-merito</span> <span class='ocrx_word' id='word_1_158' title='bbox 1373 1886 1581 1928; x_wconf 89' lang='lat' dir='ltr'>habentur</span> 
     </span>
     <span class='ocr_line' id='line_1_23' title="bbox 133 1965 1151 2024; baseline -0.004 -15"><span class='ocrx_word' id='word_1_159' title='bbox 133 1970 419 2024; x_wconf 76' lang='lat' dir='ltr'>integerrimi,</span> <span class='ocrx_word' id='word_1_160' title='bbox 451 1969 544 2023; x_wconf 90' lang='lat' dir='ltr'>ipsa</span> <span class='ocrx_word' id='word_1_161' title='bbox 573 1966 809 2008; x_wconf 87' lang='lat' dir='ltr'>litterarum</span> <span class='ocrx_word' id='word_1_162' title='bbox 838 1965 1025 2007; x_wconf 89' lang='lat' dir='ltr'>ludibria</span> <span class='ocrx_word' id='word_1_163' title='bbox 1053 1967 1151 2006; x_wconf 72' lang='lat' dir='ltr'>sint⁴</span> 
     </span>
    </p>
   </div>
   <div class='ocr_carea' id='block_1_4' title="bbox 134 2120 1582 2655">
    <p class='ocr_par' dir='ltr' id='par_1_5' title="bbox 134 2120 1582 2655">
     <span class='ocr_line' id='line_1_24' title="bbox 245 2120 1581 2182; baseline -0.004 -14"><span class='ocrx_word' id='word_1_164' title='bbox 245 2125 452 2169; x_wconf 88' lang='lat' dir='ltr'>Veterum</span> <span class='ocrx_word' id='word_1_165' title='bbox 484 2127 654 2182; x_wconf 89' lang='lat' dir='ltr'>quidem</span> <span class='ocrx_word' id='word_1_166' title='bbox 684 2126 918 2168; x_wconf 87' lang='lat' dir='ltr'>editionum</span> <span class='ocrx_word' id='word_1_167' title='bbox 946 2125 991 2165; x_wconf 90' lang='lat' dir='ltr'>in</span> <span class='ocrx_word' id='word_1_168' title='bbox 1029 2131 1145 2164; x_wconf 87' lang='lat' dir='ltr'>tanta</span> <span class='ocrx_word' id='word_1_169' title='bbox 1186 2121 1454 2164; x_wconf 89' lang='lat' dir='ltr'>multitudine</span> <span class='ocrx_word' id='word_1_170' title='bbox 1493 2120 1581 2163; x_wconf 86' lang='lat' dir='ltr'>col-</span> 
     </span>
     <span class='ocr_line' id='line_1_25' title="bbox 134 2201 1581 2259; baseline -0.004 -12"><span class='ocrx_word' id='word_1_171' title='bbox 134 2205 315 2247; x_wconf 89' lang='lat' dir='ltr'>latorum</span> <span class='ocrx_word' id='word_1_172' title='bbox 346 2207 538 2247; x_wconf 80' lang='lat' dir='ltr'>codicum</span> <span class='ocrx_word' id='word_1_173' title='bbox 577 2206 956 2259; x_wconf 84' lang='lat' dir='ltr'>manuscriptorum</span> <span class='ocrx_word' id='word_1_174' title='bbox 996 2201 1175 2244; x_wconf 85' lang='lat' dir='ltr'>multum</span> <span class='ocrx_word' id='word_1_175' title='bbox 1202 2202 1462 2242; x_wconf 87' lang='lat' dir='ltr'>imminuitur</span> <span class='ocrx_word' id='word_1_176' title='bbox 1488 2215 1581 2257; x_wconf 88' lang='lat' dir='ltr'>pre-</span> 
     </span>
     <span class='ocr_line' id='line_1_26' title="bbox 136 2281 1579 2338; baseline -0.003 -14"><span class='ocrx_word' id='word_1_177' title='bbox 136 2287 240 2326; x_wconf 89' lang='lat' dir='ltr'>tium</span> <span class='ocrx_word' id='word_1_178' title='bbox 281 2294 322 2325; x_wconf 88' lang='lat' dir='ltr'>et</span> <span class='ocrx_word' id='word_1_179' title='bbox 361 2284 616 2326; x_wconf 90' lang='lat' dir='ltr'>observandi</span> <span class='ocrx_word' id='word_1_180' title='bbox 652 2285 905 2326; x_wconf 84' lang='lat' dir='ltr'>necessitas:</span> <span class='ocrx_word' id='word_1_181' title='bbox 955 2283 1030 2323; x_wconf 87' lang='lat' dir='ltr'>sed</span> <span class='ocrx_word' id='word_1_182' title='bbox 1066 2282 1218 2338; x_wconf 86' lang='lat' dir='ltr'>poterit</span> <span class='ocrx_word' id='word_1_183' title='bbox 1261 2294 1372 2321; x_wconf 90' lang='lat' dir='ltr'>nunc</span> <span class='ocrx_word' id='word_1_184' title='bbox 1412 2281 1579 2321; x_wconf 87' lang='lat' dir='ltr'>demum</span> 
     </span>
     <span class='ocr_line' id='line_1_27' title="bbox 138 2360 1579 2419; baseline -0.003 -16"><span class='ocrx_word' id='word_1_185' title='bbox 138 2363 440 2415; x_wconf 83' lang='lat' dir='ltr'>animadverti,</span> <span class='ocrx_word' id='word_1_186' title='bbox 501 2377 624 2419; x_wconf 89' lang='lat' dir='ltr'>quam</span> <span class='ocrx_word' id='word_1_187' title='bbox 675 2377 822 2403; x_wconf 87' lang='lat' dir='ltr'>earum</span> <span class='ocrx_word' id='word_1_188' title='bbox 870 2374 1058 2417; x_wconf 83' lang='lat' dir='ltr'>quaeque</span> <span class='ocrx_word' id='word_1_189' title='bbox 1115 2367 1272 2401; x_wconf 88' lang='lat' dir='ltr'>sectam</span> <span class='ocrx_word' id='word_1_190' title='bbox 1317 2360 1579 2414; x_wconf 90' lang='lat' dir='ltr'>potissimum</span> 
     </span>
     <span class='ocr_line' id='line_1_28' title="bbox 138 2433 1582 2498; baseline -0.006 -15"><span class='ocrx_word' id='word_1_191' title='bbox 138 2448 350 2497; x_wconf 81' lang='lat' dir='ltr'>sequatur,</span> <span class='ocrx_word' id='word_1_192' title='bbox 379 2451 422 2482; x_wconf 90' lang='lat' dir='ltr'>et</span> <span class='ocrx_word' id='word_1_193' title='bbox 442 2443 563 2496; x_wconf 84' lang='lat' dir='ltr'>cujus</span> <span class='ocrx_word' id='word_1_194' title='bbox 590 2443 758 2498; x_wconf 77' lang='lat' dir='ltr'>generis</span> <span class='ocrx_word' id='word_1_195' title='bbox 780 2441 948 2482; x_wconf 88' lang='lat' dir='ltr'>codices</span> <span class='ocrx_word' id='word_1_196' title='bbox 966 2439 1243 2493; x_wconf 85' lang='lat' dir='ltr'>manuscripti.</span> <span class='ocrx_word' id='word_1_197' title='bbox 1262 2439 1305 2477; x_wconf 92' lang='lat' dir='ltr'>in</span> <span class='ocrx_word' id='word_1_198' title='bbox 1328 2448 1378 2476; x_wconf 88' lang='lat' dir='ltr'>ea</span> <span class='ocrx_word' id='word_1_199' title='bbox 1404 2433 1582 2476; x_wconf 85' lang='lat' dir='ltr'>adhibiti</span> 
     </span>
     <span class='ocr_line' id='line_1_29' title="bbox 140 2512 1578 2576; baseline -0.006 -14"><span class='ocrx_word' id='word_1_200' title='bbox 140 2523 244 2569; x_wconf 80' lang='lat' dir='ltr'>sint3</span> <span class='ocrx_word' id='word_1_201' title='bbox 284 2534 534 2576; x_wconf 86' lang='lat' dir='ltr'>quamquam</span> <span class='ocrx_word' id='word_1_202' title='bbox 560 2523 713 2563; x_wconf 87' lang='lat' dir='ltr'>mirum</span> <span class='ocrx_word' id='word_1_203' title='bbox 744 2527 945 2575; x_wconf 85' lang='lat' dir='ltr'>quantum</span> <span class='ocrx_word' id='word_1_204' title='bbox 973 2519 1097 2574; x_wconf 89' lang='lat' dir='ltr'>primi</span> <span class='ocrx_word' id='word_1_205' title='bbox 1127 2518 1313 2557; x_wconf 88' lang='lat' dir='ltr'>editores</span> <span class='ocrx_word' id='word_1_206' title='bbox 1345 2514 1498 2555; x_wconf 90' lang='lat' dir='ltr'>absunt</span> <span class='ocrx_word' id='word_1_207' title='bbox 1525 2512 1578 2553; x_wconf 90' lang='lat' dir='ltr'>ab</span> 
     </span>
     <span class='ocr_line' id='line_1_30' title="bbox 138 2596 1578 2655; baseline -0.006 -14"><span class='ocrx_word' id='word_1_208' title='bbox 138 2614 190 2641; x_wconf 86' lang='lat' dir='ltr'>ea</span> <span class='ocrx_word' id='word_1_209' title='bbox 218 2598 453 2655; x_wconf 78' lang='lat' dir='ltr'>diligentia,</span> <span class='ocrx_word' id='word_1_210' title='bbox 485 2613 608 2655; x_wconf 83' lang='lat' dir='ltr'>quam</span> <span class='ocrx_word' id='word_1_211' title='bbox 636 2599 778 2651; x_wconf 87' lang='lat' dir='ltr'>hodie,</span> <span class='ocrx_word' id='word_1_212' title='bbox 810 2600 882 2655; x_wconf 88' lang='lat' dir='ltr'>qui</span> <span class='ocrx_word' id='word_1_213' title='bbox 905 2598 1133 2639; x_wconf 87' lang='lat' dir='ltr'>editionem</span> <span class='ocrx_word' id='word_1_214' title='bbox 1162 2596 1392 2651; x_wconf 87' lang='lat' dir='ltr'>principem</span> <span class='ocrx_word' id='word_1_215' title='bbox 1417 2599 1578 2642; x_wconf 83' lang='lat' dir='ltr'>curant,</span> 
     </span>
    </p>
   </div>
  </div>
 </body>
</html>
