1721 2974
136 153 216 190 206
591 145 862 201 Supplcmenta
890 145 1152 183 annotationis

135 263 247 302 maii.
361 272 395 311 et
424 271 463 300 ut
496 260 583 300 Ῐιοο.
634 257 765 309 Amb.
800 262 839 296 2.
882 254 1002 296 Goth.
1034 254 1137 297 Bad.
1173 254 1327 297 Cervic.
1369 254 1499 296 Colin.
1541 263 1581 294 et

137 345 237 384 quae
265 338 485 384 sequuntur
526 341 651 381 usque
683 325 734 363 ad
765 322 875 364 Gibs.
913 326 1042 363 omitt.
1080 334 1130 363 er.
1189 322 1328 377 Camp.
1368 333 1405 361 et
1431 333 1471 361 ut
1499 322 1580 362 hic.

248 395 512 436 indicandum.
573 393 712 444 Camp.
738 389 836 431 Ald.
870 405 994 443 marg.
1025 389 1146 430 Basil.
1178 390 1452 444 judicandum.
1535 432 1538 434 μ

248 466 285 516 §.
313 469 382 505 79.
442 461 663 509 nar-‚rationi
691 474 826 511 congr.
890 455 1025 498 Guelf.
1059 457 1198 511 Camp.
1232 457 1345 498 Sich.
1377 456 1476 498 Obr.
1515 457 1583 495 in-

137 548 231 572 serr.
262 544 326 571 est.
441 529 635 581 expositio
668 525 773 565 hacc.
827 524 953 566 Amb.
980 531 1018 565 1.
1049 526 1231 565 ordinem
1258 533 1401 565 mutat.
1503 539 1584 561 csse

137 599 287 639 debeat.
343 597 467 638 Amb.
488 600 522 634 1.
552 594 691 633 ordine
717 597 887 633 inverso.
937 592 1079 645 [Verte
1108 595 1228 645 igitur
1256 595 1392 632 locmn
1413 590 1583 632 Germa-

137 671 227 707 nice
251 670 330 706 sic:
370 661 600 714 Ucberlegen
630 663 703 699 wir
731 660 837 711 also,
874 661 920 700 οἶ)
950 662 1058 700 nicht
1087 661 1188 700 diese
1206 659 1466 716 Azfsiellung
1495 670 1584 697 nur

139 734 264 774 noch
297 733 432 784 liingcr
460 731 541 768 sein
567 731 706 768 miisse.
773 727 856 768 Sed
883 729 992 783 quod
1012 728 1192 769 VVolfius
1221 729 1269 767 de
1296 729 1585 780 significatione

138 802 354 854 particulae
386 814 473 836 uum
502 798 727 849 praecepit,
758 797 822 844 id,
863 798 985 849 probe
1011 797 1235 835 tenendum
1263 803 1341 843 est,
1380 809 1464 833 non
1491 808 1586 846 per-

137 872 264 907 tinere
303 867 381 904 nisi
421 865 471 903 ad
499 865 827 914 interrogationes
869 862 1070 913 directas]
1187 861 1416 916 quibusdam
1443 876 1530 912 arg.

140 933 274 975 Guelf.
307 932 440 987 quibus
463 947 550 983 arg.
638 933 873 983 argumentis
898 929 1152 982 (argumentis
1173 930 1274 970 dico.
1314 928 1449 968 Etiam
1475 927 1587 968 Flor.

141 1002 277 1044 Guelf.
307 1001 397 1041 Par.
415 1004 504 1039 1.2.
522 1003 559 1039 5.
587 1000 711 1037 semel
732 1007 888 1037 tantum
905 1007 1064 1052 ponunt
1085 999 1335 1036 ornamentis,
1422 1011 1499 1034 non
1516 1011 1588 1033 ar-
1621 1014 1625 1017 ·

1130 1028 1153 1050 ζ’

137 1079 350 1124 gumentat.
409 1066 509 1106 Ald.
541 1069 661 1104 inser.
693 1075 834 1104 tamen.
944 1064 1046 1118 quod
1072 1064 1251 1102 dicimus.
1308 1062 1444 1102 Turio.
1475 1061 1585 1102 Flor.

139 1139 252 1179 Alm.
273 1136 391 1176 Voss.
407 1140 445 1174 3.
478 1151 513 1188 q.
543 1132 765 1172 didicimus.
815 1129 939 1171 Goth.
961 1131 1069 1171 Jens.
1093 1129 1193 1170 Loc.
1215 1130 1326 1170 Ven.
1347 1128 1500 1184 quidem
1525 1128 1590 1167 di-

142 1210 277 1247 cimus.
326 1202 466 1255 Camp.
499 1201 653 1256 quidem
673 1199 896 1238 didicimus.
937 1198 1042 1238 Edd.
1073 1199 1179 1251 apud
1206 1196 1349 1237 Burm.
1373 1200 1412 1236 et
1437 1212 1489 1236 ex
1509 1211 1589 1235 no-

140 1277 226 1314 stris
258 1271 413 1326 Gryph.
444 1269 595 1325 quidem
626 1268 807 1308 dicemus.
905 1269 1100 1320 opiniones
1130 1282 1235 1304 suas.
1282 1264 1390 1304 Flor.
1410 1279 1432 1303 a
1451 1280 1511 1317 pr.
1531 1278 1588 1303 m.

141 1345 268 1382 omitt.
303 1356 407 1378 suaS.
525 1337 614 1375 bene
643 1345 807 1389 sperent.
871 1330 979 1373 Flor.
1012 1349 1033 1371 a
1053 1350 1112 1386 pr.
1136 1348 1190 1372 m.
1224 1336 1352 1372 omitt.
1382 1332 1486 1370 bene.

255 1410 291 1460 §.
324 1413 390 1448 80.
438 1406 625 1458 Denique.
676 1401 709 1442 F
712 1405 784 1441 lor.
807 1417 828 1440 a
848 1417 925 1441 sec.
942 1416 997 1440 111.
1029 1400 1176 1439 deinde.
1274 1399 1513 1439 narrandum
1536 1409 1590 1437 cst

142 1480 282 1531 utique.
317 1474 487 1514 A1nb.1.
517 1471 650 1510 Turic-
669 1469 701 1508 F
703 1473 772 1509 lor.
799 1468 937 1521 Camp.
960 1466 1094 1508 Guelf.
1120 1466 1240 1507 Goth.
1263 1476 1302 1507 et
1323 1468 1411 1506 edd.
1432 1475 1590 1505 nostrae

144 1554 236 1583 ante
276 1540 408 1582 Colin.
447 1542 574 1593 utique
608 1536 849 1577 narrandum
883 1547 952 1575 est.
1008 1552 1050 1575 co
1082 1538 1211 1575 etiam.
1263 1534 1389 1574 Aan.
1414 1539 1450 1574 1.
1481 1533 1588 1573 Flor.

145 1614 273 1651 omitt.
305 1625 357 1649 eo.
415 1607 518 1648 Bad.
547 1623 593 1645 ca
620 1608 747 1644 etiam.
861 1614 948 1641 sunt
977 1606 1016 1641 in
1046 1604 1115 1641 liis.
1173 1602 1310 1642 Turic.
1338 1601 1442 1641 Flor.
1474 1600 1590 1640 Alm.

147 1679 291 1732 Camp.
332 1679 461 1716 omitt.
502 1684 603 1713 sunt.
728 1672 942 1724 cognitioni
985 1686 1124 1709 rerum.
1193 1669 1298 1709 Jens.
1339 1666 1440 1708 Loc.
1478 1666 1589 1706 Ven.

143 1745 248 1787 Bad.
279 1744 428 1786 Cervic.
458 1745 587 1782 omitt.
619 1756 757 1779 rerum.
859 1737 998 1790 Atqui.
1047 1737 1153 1776 Flor.
1181 1735 1304 1775 Amb.
1326 1742 1364 1776 2.
1393 1735 1592 1775 Par.1.2.

147 1825 277 1868 atquc.
408 1819 574 1850 constat.
629 1807 754 1847 Amb.
775 1810 812 1844 1.
834 1810 874 1845 2.
904 1803 1012 1842 Flor.
1044 1803 1134 1844 Par.
1169 1809 1205 1844 1.
1235 1810 1275 1844 2.
1306 1808 1344 1843 5.
1372 1806 1470 1841 item
1499 1817 1594 1840 con-

145 1882 283 1921 stabit.
355 1876 509 1932 [Itaque
541 1878 674 1915 nescio
717 1889 769 1913 an
805 1873 904 1911 haec
935 1874 1056 1910 verba
1091 1883 1204 1925 atque
1240 1870 1430 1910 constabit
1467 1871 1595 1921 accipi

148 1950 319 1989 debeant
357 1949 459 1985 sicut
490 1942 726 1984 Germanice
757 1942 903 1980 dixeris
944 1938 1022 1976 und
1057 1956 1095 1976 cs
1122 1938 1224 1977 wir-d
1253 1937 1359 1977 wohl
1383 1935 1595 1976 aner-kannt

147 2021 252 2066 sein,
293 2025 332 2055 et
362 2016 500 2061 facile,
534 2015 697 2065 opinor,
730 2010 924 2049 constabit
952 2009 1056 2044 inter
1084 2021 1171 2055 eos,
1203 2008 1273 2060 qui
1303 2020 1349 2044 ea
1379 2005 1428 2042 de
1455 2018 1497 2041 re
1527 2016 1598 2042 co-

147 2089 271 2139 gitare
296 2080 530 2131 voluerint]
646 2093 776 2117 corum
803 2092 896 2114 css-c.
952 2073 1077 2113 Amb.
1095 2079 1130 2113 1.
1156 2072 1293 2113 Turio.
1318 2072 1427 2112 Flor.
1453 2068 1595 2124 Camp.

149 2154 288 2194 ordine
318 2158 487 2190 mutato,
539 2147 645 2187 Edd.
675 2153 831 2184 nostrae
859 2151 950 2181 ante
984 2139 1139 2194 Gryph.
1171 2137 1299 2180 oinitt.
1341 2155 1431 2178 csse.

262 2222 296 2272 ᾧ.
337 2222 404 2258 81.
475 2215 521 2253 de
559 2231 633 2268 qua
664 2211 751 2266 jud.
810 2210 947 2250 Turio.
991 2208 1036 2246 dc
1066 2224 1137 2262 quo
1163 2207 1244 2260 jud.
1367 2207 1594 2260 suspiciose.

149 2289 264 2330 Alm.
299 2284 436 2327 Guelf.
471 2284 702 2337 suspicione.
816 2277 953 2317 levare.
996 2275 1133 2315 Turio.
1161 2274 1267 2314 Flor.
1297 2288 1320 2312 a
1345 2288 1405 2326 pr.
1437 2288 1492 2312 m.
1535 2272 1598 2311 la-

149 2373 254 2395 vare.
388 2352 536 2391 debeat.
595 2347 732 2390 Guelf.
774 2362 797 2386 a
832 2362 892 2400 pr.
926 2360 983 2384 m.
1023 2342 1170 2386 debet„
1275 2351 1387 2395 atque
1424 2340 1473 2379 ab
1510 2339 1596 2381 illo·

150 2424 290 2476 Camp.
321 2423 451 2461 omitt.
487 2418 551 2457 ab.

265 2492 301 2541 §.
343 2494 410 2529 82.
479 2484 608 2524 turba.
667 2481 775 2521 Flor.
818 2479 990 2518 turbare.
1113 2475 1287 2515 diducta.
1345 2475 1488 2528 Camp.
1529 2474 1599 2513 de·-

155 2556 286 2596 ducta.
399 2545 486 2593 non*
504 2569 546 2592 co
572 2560 670 2605 pert.
724 2547 859 2589 Guelf.
892 2549 1021 2585 omitt.
1053 2560 1109 2583 eo.
1213 2543 1488 2582 narrandum?
1515 2542 1622 2583 secl,·

157 2625 300 2677 Camp.
332 2622 433 2662 ΑΜ.
463 2624 602 2659 inserr.
632 2619 697 2658 sit.
815 2613 883 2654 scd
911 2610 1098 2668 quomodo
1133 2609 1385 2650 narrandum.
1440 2609 1600 2650 Desunt
