1721 2974
124 177 179 219 ad
200 176 332 231 Quint.
354 176 451 217 Inst.
480 175 563 228 Ill,
588 181 625 217 1.
651 176 688 226 §.
709 178 906 217 20-22,
937 181 978 216 2.
1003 177 1040 228 ς.
1062 180 1187 217 1-4.
1223 182 1260 218 3.
1282 181 1318 231 ς.
1344 183 1436 220 1.2.
1499 185 1578 222 119

123 291 230 332 dicet
266 290 373 332 Flor.
417 290 557 343 Camp.
599 288 701 330 Obr.
738 291 830 330 fort.
870 288 996 330 Amb.
1034 294 1072 331 1.
1197 293 1451 345 compararit.
1509 290 1573 333 Ita

122 359 247 400 Paris.
273 365 310 400 1.
333 364 371 399 3.
404 357 544 412 Camp.
606 359 850 412 comparavit
876 360 957 410 jam
982 357 1145 398 dederat
1174 358 1338 411 Colin.;
1379 368 1419 399 et
1447 359 1570 401 habet

121 426 245 468 Paris.
279 433 319 468 2.

231 510 267 557 §.
300 510 338 545 3.
397 504 499 542 sicut
539 505 594 542 in.
665 505 786 542 sicuti
824 506 864 543 in
900 502 1027 545 Amb.
1063 509 1101 546 1.
1228 505 1315 545 alia
1353 505 1469 547 insal.
1510 511 1567 539 -‘-

120 571 234 612 utilia
264 587 343 611 om.
373 570 510 610 Turio.
547 572 656 610 facili
687 585 830 611 errore.
945 573 1034 626 ipsi.
1093 575 1180 627 ipso
1209 572 1316 613 Flor.
1349 589 1371 614 a
1401 590 1478 614 sec.
1508 589 1566 615 m.

119 639 246 681 Amb.
274 645 312 680 1.
346 637 470 679 Goth.
586 647 688 689 tum,
734 654 846 692 quae.
905 649 1032 678 tumve
1066 639 1174 681 Flor.
1216 657 1239 682 a
1268 657 1327 695 pr.
1361 657 1417 682 m.
1477 641 1570 682 (lum

119 724 219 763 quae
245 706 353 748 Flor.
386 722 409 746 a
437 721 514 746 seo.
543 720 599 746 m.
659 721 822 761 cumque
857 704 981 748 Amb.
1011 713 1051 749 2.
1095 706 1230 750 Guelf.
1263 724 1358 750 cum
1386 708 1505 751 Voss.
1525 714 1566 752 3.

119 792 206 817 cum
238 791 337 831 quae
363 774 488 815 Bel-n.

230 859 265 909 §.
295 855 335 896 4.
392 857 576 909 primam.
634 856 804 909 primum
833 852 955 895 Amb.
977 860 1013 894 1.
1074 856 1264 909 originem
1290 870 1372 897 om.
1403 854 1511 898 Flor.
1543 872 1569 898 a

115 938 174 976 pr.
209 938 266 964 m.
377 933 500 978 putet.
555 933 688 978 putem
724 931 783 962 est
822 925 944 962 etiam
980 925 1024 962 in
1059 921 1201 977 Camp.
1235 925 1326 964 fort.
1356 922 1478 965 Amb.
1501 931 1566 979 1.;

117 990 223 1031 Flor.
254 993 408 1031 siletur.
464 1001 600 1046 putent
628 989 758 1031 Stoer.
791 988 962 1030 Chouet.
986 988 1097 1031 Gibs.
1213 1001 1248 1030 et
1270 993 1352 1031 sine
1372 992 1458 1035 urb.
1517 1009 1569 1034 ac

113 1075 146 1099 s.
172 1077 209 1099 u.
244 1057 386 1113 Camp.
504 1058 652 1111 legibus
681 1074 762 1099 om.
794 1061 904 1099 Flor.
936 1073 958 1097 a
980 1074 1038 1112 pr.
1060 1073 1116 1099 m.
1233 1070 1269 1098 et
1297 1070 1436 1101 tamen.
1497 1060 1568 1101 sed

114 1136 144 1166 t.
179 1125 321 1180 Camp.
438 1129 482 1166 in
511 1126 588 1166 his.
637 1129 677 1165 in
708 1129 758 1166 iis
786 1125 922 1166 Turio.
956 1124 1078 1166 Goth.
1105 1124 1245 1180 Camp.
1272 1126 1380 1168 Jens.
1404 1137 1444 1167 et
1461 1131 1565 1168 aliae

114 1194 206 1235 edd.
246 1203 344 1235 vett.
460 1210 508 1233 ac
545 1193 701 1251 dqfi’ncl.
767 1205 883 1248 atque
922 1193 1002 1248 def
1044 1193 1182 1234 Turio.
1220 1193 1328 1234 Flor.
1368 1192 1490 1236 Amb.
1523 1187 1564 1237 1.

116 1260 257 1315 Camp.
317 1272 353 1300 et
391 1260 473 1322 def
516 1260 640 1302 Goth.
757 1261 838 1301 alio
875 1260 1023 1302 melius.
1091 1260 1178 1301 mel.
1218 1260 1273 1302 αἷ.
1313 1259 1437 1305 Goth.
1469 1278 1565 1305 oum

111 1327 221 1369 Jens.
254 1338 294 1369 et
321 1338 422 1384 post.
451 1338 545 1369 ante
577 1327 759 1385 Gryph.,
808 1344 897 1370 exo.
928 1328 1042 1369 Sich.

680 1462 719 1506 C
748 1476 777 1503 Α
811 1478 850 1504 P.
909 1459 999 1502 III.

223 1551 459 1594 Inscribitur
496 1556 552 1594 sic
592 1556 637 1593 in
674 1552 798 1594 Amb.
832 1558 868 1593 1.
918 1552 1056 1593 Turic.
1097 1551 1206 1593 Flor.
1246 1551 1370 1594 Bern.
1456 1552 1566 1607 Quae

111 1620 238 1677 (Tur.
275 1622 380 1676 Qui)
418 1633 593 1677 parics.‚·
635 1625 679 1661 in
719 1620 843 1662 Gossl.
885 1621 995 1673 Quae
1035 1631 1123 1660 sunt
1159 1632 1293 1675 partes
1328 1622 1565 1675 rhetorices,-

109 1693 155 1729 in
181 1690 292 1730 Jens.
324 1699 363 1729 et
393 1699 495 1744 post.
530 1699 622 1729 ante
651 1689 780 1730 Bad.:
835 1689 1013 1744 Quinque
1043 1700 1130 1728 sunt
1157 1700 1292 1744 paries
1322 1689 1563 1742 rhetorices,-

107 1760 153 1797 iu
180 1760 293 1809 rell.,
334 1773 421 1798 exc.
455 1756 556 1798 Obr.
590 1755 739 1798 Gesn.:
777 1757 958 1812 Quinque
984 1767 1224 1812 essessparies
1254 1757 1479 1797 rhetorices.

223 1840 260 1889 §.
294 1841 333 1876 1.
392 1846 585 1876 auctores.
645 1847 821 1876 oratores
864 1845 923 1876 est
951 1840 1072 1877 etiam
1100 1839 1145 1876 in
1174 1852 1301 1891 marg.
1333 1836 1448 1877 Sich.

111 1903 374 1956 dispositione.
424 1903 697 1957 disputatione.
814 1915 850 1943 et
880 1921 973 1946 rem.
1025 1915 1061 1943 et
1082 1908 1273 1945 omittunt
1289 1904 1428 1947 Turio.
1449 1904 1562 1946 Flor.

109 1969 226 2010 AJm.
269 1967 404 2009 Guelf.
444 1968 567 2010 Amb.
597 1977 637 2011 2.
680 1969 821 2024 Gamp.
862 1971 964 2012 Obr.
1003 1975 1095 2013 fort.
1127 1970 1251 2013 Amb.
1274 1978 1311 2014 1.
1426 1973 1561 2013 verba.

108 2037 266 2076 verbum
303 2038 411 2077 Jens.
459 2046 500 2077 et
536 2047 700 2091 posterr.
749 2048 841 2079 ante
881 2039 1023 2092 Sich.,
1073 2043 1226 2092 codex,
1279 2041 1390 2095 quod
1423 2042 1564 2092 sciam,

107 2108 260 2146 nullus.

221 2188 258 2237 §.
291 2189 332 2225 2.
389 2182 457 2223 Ac
483 2185 530 2224 si.
588 2182 648 2222 At
678 2185 714 2222 si
755 2183 878 2226 Goth.
913 2201 1006 2225 cum
1034 2185 1143 2226 Jens.
1175 2185 1296 2226 Tarv.
1325 2183 1422 2226 Ald.
1481 2185 1563 2236 hic,

110 2255 148 2292 si
173 2251 285 2293 Flor.
317 2267 340 2291 a
367 2267 445 2291 sec.
477 2266 533 2290 m.
634 2253 792 2305 finitus.
843 2255 987 2308 finitur
1014 2253 1124 2294 Jens.
1156 2269 1250 2293 cum
1277 2263 1441 2307 posterr.
1467 2262 1561 2293 ante

110 2319 249 2372 Sich.;
298 2327 500 2372 receptam
546 2333 567 2357 e
606 2316 793 2359 Vallensi
831 2322 946 2380 affort
987 2320 1150 2361 Badius.
1266 2324 1365 2360 enim
1396 2331 1559 2361 tantum.

110 2399 209 2428 iant.
232 2405 289 2429 en.
318 2385 440 2428 Amb.
468 2391 504 2426 1.
621 2386 714 2441 quid
742 2397 777 2426 et
807 2388 1013 2442 quomodo.
1062 2388 1161 2443 quid
1182 2399 1248 2428 aut
1270 2406 1307 2443 q.
1340 2388 1442 2430 Obr.
1467 2403 1562 2429 cum

110 2455 249 2497 Turio.
279 2471 395 2496 asec.
417 2469 470 2494 m.
500 2452 549 2507 (a
570 2469 629 2508 pr.
651 2469 704 2494 m.
728 2453 797 2508 at)
828 2454 994 2509 Camp.3
1039 2467 1240 2511 receptam
1267 2466 1402 2496 tuetur
1430 2454 1559 2496 Amb.

114 2529 152 2564 1.
270 2534 305 2562 ct
334 2523 598 2578 dispositione.
655 2532 690 2560 ct
719 2537 800 2563 om.
833 2528 953 2563 etiam
991 2523 1119 2564 Amb.
1147 2531 1211 2577 1.;
1256 2528 1343 2564 rell.
1374 2525 1563 2564 videntur

112 2593 312 2631 retinereq
411 2606 530 2644 neque
559 2614 615 2622 —-
645 2607 772 2645 neque.
831 2608 899 2631 nec
929 2616 984 2622 —-
1015 2609 1083 2633 ncc
1113 2591 1235 2634 Goth.
1269 2608 1362 2633 cum
1381 2592 1491 2633 Jens.
1523 2600 1563 2632 et

113 2668 214 2712 post.
255 2667 347 2699 ante
389 2656 501 2698 Sich.
619 2673 664 2697 ea
700 2676 851 2714 quoquc
885 2677 993 2715 pars.
1064 2677 1214 2717 quoquc
1261 2670 1319 2703 est
1358 2663 1479 2702 etiam
1519 2662 1564 2699 in
