1721 2974
424 144 479 186 ‹uz
510 143 673 200 Quintil.
705 143 836 184 Instit.
880 139 937 196 V,
969 146 1034 182 10.
1065 143 1101 194 §.
1134 124 1359 181 91—101.
1532 143 1614 182 269

167 258 289 302 Amb.
316 264 353 302 1.
380 261 500 301 inser.
521 270 572 300 et.
616 257 753 300 Guelf.
773 256 855 312 adj.
876 255 977 297 dein.
1063 253 1106 294 id
1137 252 1196 294 de.
1245 250 1547 296 OmittitAmb.
1575 260 1615 295 1.

237 327 398 385 facere.
447 326 576 368 Amb.
608 331 647 368 1.
665 325 813 383 facilc.
906 324 959 363 Id
987 339 1076 378 quo.
1129 320 1258 363 Amb.
1281 326 1320 362 1.
1349 319 1459 362 Flor.
1486 324 1615 362 etiam

167 395 204 436 Ῑ.
229 394 346 452 quod.
457 396 615 447 egressi.
666 392 805 447 Camp.
831 394 1010 446 ingressi.
1061 388 1182 431 Goth.
1203 391 1396 443 aggressi.
1481 389 1618 446 fami-

169 463 346 504 liaribus.
409 461 550 516 Camp.
573 461 866 518 familior-ihus.
975 461 1106 512 magis
1132 482 1190 492 --
1214 456 1361 498 ostend.
1415 454 1543 497 Amb.
1580 463 1618 498 1.

170 530 279 572 Flor.
300 545 462 586 quoque
481 546 529 568 m.
549 539 585 568 et
604 545 641 570 α.
665 544 702 569 ο.
758 528 850 569 Par.
875 533 911 569 1.
930 533 971 569 2.
995 532 1033 568 3.
1050 528 1248 580 magisque
1264 527 1419 564 usitatis
1435 542 1472 565 e.
1492 542 1533 566 ο.

283 603 318 652 §.
345 603 412 641 97.
469 596 590 637 Lex.-
623 596 712 649 Qui.
774 596 842 636 Sic
871 599 993 636 etiam
1019 593 1143 635 Amb.
1176 599 1213 634 1.
1235 599 1273 634 2.
1309 591 1418 635 Flor.
1454 592 1546 634 Par.
1567 598 1616 636 .1.

171 672 212 709 2.
235 670 274 708 5.
357 665 516 721 aliquis.
566 663 635 706 Sic
664 668 785 704 etiam
809 663 916 704 Flor.
978 665 1088 718 aquis
1115 661 1242 703 Amb.
1274 667 1337 713 1.,
1369 661 1441 702 sed
1458 676 1539 703 sec.
1559 677 1617 702 m.

163 736 440 787 superscripsit
469 732 510 773 li.
605 731 782 785 similes,
811 735 858 773 si.
914 731 1052 771 Etiam
1072 730 1184 774 Flor.„
1201 728 1329 771 Amb.
1351 735 1392 772 2.
1415 729 1550 768 simile
1567 733 1618 772 si.

169 800 294 844 Amb.
322 806 360 841 1.
389 800 579 852 similius,
621 816 699 841 sec.
723 816 778 840 m.
805 802 1059 854 superscrips.
1085 814 1118 839 e.
1225 797 1372 854 infanS.
1417 796 1546 840 Amb.
1571 803 1618 839 -1.

171 866 353 925 iJfantis.
459 871 664 922 optionem.
714 868 838 909 Amb.
855 873 888 907 1.
907 869 1120 922 opiniones.
1233 869 1270 906 si
1294 876 1372 921 tyr.
1422 863 1545 906 Amb.
1572 873 1618 908 ¹1.

169 935 304 976 Turio.
333 951 355 975 a
376 951 435 989 pr.
459 951 515 977 m.
538 935 648 976 Jens.
670 934 793 978 Tarv.
814 939 864 976 sit
885 946 915 975 t.
1022 945 1147 992 petas,
1199 932 1267 974 Sic
1287 936 1408 974 etiam
1431 932 1557 976 Amb.
1580 942 1619 978 1.

168 1009 209 1046 2.
231 1003 339 1044 Flor.
425 1004 669 1058 templorum.
720 1002 842 1047 Amb.
870 1008 906 1044 1.
938 1002 1075 1044 Turio.
1119 1017 1142 1043 a
1171 1017 1231 1056 pr.
1257 1018 1314 1047 m.
1344 1001 1452 1045 Flor.
1483 1001 1620 1045 Guelf.

169 1082 395 1126 temporum.
453 1071 574 1112 Voss.
605 1077 643 1113 1.
675 1077 714 1113 3.
744 1083 932 1126 tempora.

282 1143 320 1192 ς.
352 1144 418 1181 98.
477 1139 708 1182 Plurimum.
759 1139 827 1182 Sic
864 1142 984 1180 etiam
1010 1136 1134 1180 Amb.
1171 1143 1209 1179 1.
1246 1137 1355 1180 Flor.
1396 1154 1420 1179 a
1457 1155 1517 1195 pr.
1560 1155 1619 1183 m.

162 1206 261 1249 QI‘ar.
289 1212 329 1248 5.
469 1207 631 1248 UNDE
661 1209 756 1250 TU.
806 1208 912 1249 Flor.
945 1223 969 1248 a
1003 1223 1063 1262 pr.
1092 1222 1146 1246 m.
1185 1206 1277 1245 vide
1298 1216 1361 1247 tu.
1474 1208 1621 1253 AUT.

167 1273 295 1317 Amb.
317 1279 355 1316 1.
382 1286 525 1317 autem.
625 1276 699 1319 sol.
720 1277 837 1331 dejec.
885 1275 934 1316 Si
954 1291 1060 1316 vero.
1120 1274 1188 1316 Sic
1220 1277 1341 1315 etiam
1368 1273 1494 1317 Amb.
1516 1282 1556 1317 1.
1577 1283 1621 1319 2.

166 1343 277 1387 Flor.

282 1414 318 1465 §.
349 1416 415 1453 99.
475 1410 524 1451 Si
554 1410 672 1452 Catil.
728 1411 854 1455 Amb.
893 1417 930 1454 1.
971 1414 1092 1452 inser.
1131 1410 1158 1451 Ζ.
1221 1409 1362 1466 Camp.
1405 1412 1442 1449 si
1477 1409 1622 1451 Catili-

167 1496 274 1536 nam.
381 1480 563 1521 concilio.
615 1480 737 1522 Amb.
769 1486 806 1521 1.
843 1481 1025 1522 consilio.
1087 1479 1181 1534 [Sic
1210 1482 1375 1519 omnino
1403 1482 1622 1519 restituen-

168 1550 267 1590 dum
298 1558 357 1589 est
386 1550 492 1603 apud
523 1548 829 1602 Spaldingium‚
876 1565 973 1589 nam
1004 1547 1212 1589 concilium
1238 1562 1322 1587 non
1352 1549 1511 1602 irrepsit
1541 1551 1622 1588 nisi

167 1617 511 1672 typographorum
532 1617 720 1669 incuria.]
809 1617 964 1658 eduxit.
1007 1616 1148 1670 Camp.
1174 1615 1308 1656 duxit.
1387 1614 1622 1656 condemna-

168 1697 238 1726 ret.
288 1684 419 1726 Amb.
448 1691 485 1727 1.
521 1685 659 1725 Turio.
692 1684 800 1725 Flor.
832 1701 855 1725 a
882 1702 942 1740 pr.
972 1701 1030 1726 m.
1061 1683 1178 1725 Ahn.
1206 1682 1406 1723 commode
1433 1695 1622 1727 maneret.

251 1753 305 1793 Et
333 1753 387 1793 acl
406 1753 765 1809 avnplfficationem.
812 1753 949 1795 Turio.
972 1752 1084 1795 Alm.
1108 1750 1253 1806 Camp.
1277 1749 1413 1792 Guelf.
1436 1752 1555 1794 Voss.
1580 1759 1620 1794 1.

168 1827 210 1862 3.
231 1825 359 1862 omitt.
382 1821 447 1863 acl.
497 1820 627 1862 Ajnb.
649 1826 686 1862 1.
710 1832 746 1861 et
764 1822 1084 1879 amplfficatione.
1173 1838 1276 1862 coen.
1298 1825 1338 1861 in
1356 1820 1450 1862 illis.
1494 1819 1622 1863 Aan.

170 1894 211 1930 1.
244 1905 324 1929 om.
353 1892 405 1930 in.
452 1888 590 1929 Turic.
625 1888 733 1930 Flor.
768 1906 791 1931 a
815 1907 876 1945 pr.
902 1907 959 1932 m.
989 1908 1024 1933 c.
1057 1902 1093 1930 et
1120 1890 1215 1931 illis.
1278 1887 1421 1943 Camp.
1453 1906 1487 1930 c.
1519 1901 1556 1928 et
1580 1893 1621 1929 in

168 1956 264 1997 illis.
379 1956 620 1996 immanibus.
669 1956 795 1998 Amb.
822 1963 858 1998 1.
890 1961 931 1999 in
959 1960 1150 2001 manibus.
1211 1957 1345 2000 Guelf.
1379 1955 1506 2011 Goth..
1532 1975 1622 1998 ma-

166 2024 293 2065 nibus.

282 2096 318 2146 §.
353 2097 447 2133 100.
507 2108 639 2147 accep.
660 2093 770 2147 prob.
821 2092 959 2148 Camp.
980 2111 1022 2148 p.
1046 2111 1083 2134 α.
1170 2094 1276 2150 qual.
1299 2111 1441 2135 earum.
1492 2091 1620 2139 Amb.

169 2165 209 2200 1.
241 2162 361 2200 inser.
391 2171 440 2201 et.
556 2176 673 2217 neque
697 2178 786 2214 gen.
848 2160 984 2203 Guelf.
1017 2160 1141 2203 Goth.
1181 2163 1291 2204 Jens.
1327 2173 1367 2204 et
1398 2162 1490 2204 edd.
1523 2171 1618 2203 ante

99 2237 102 2240 ’
166 2226 294 2268 Stoer.
321 2244 390 2268 nec
405 2245 449 2282 g.
534 2228 837 2270 innumerabilis.
879 2228 1006 2270 Amb.
1037 2235 1074 2271 1.
1097 2231 1402 2275 innumerabiles,
1497 2247 1620 2286 neque

162 2312 248 2351 per.
301 2294 422 2337 Goth.
446 2296 556 2338 Jens.
577 2305 616 2335 et
634 2296 725 2336 edd.
749 2306 841 2337 ante
862 2295 994 2338 Colin.
1020 2315 1089 2339 ncc
1105 2316 1190 2354 per.
1284 2302 1450 2355 patitur.
1486 2297 1616 2341 Amb.

169 2369 208 2405 1.
239 2363 348 2405 Flor.
372 2367 493 2405 eliam
509 2366 703 2420 patiatur.
797 2365 1008 2408 subierunt.
1058 2365 1199 2423 Camp.
1223 2369 1475 2423 subjecerunt.
1574 2377 1618 2407 ut

167 2442 204 2471 et
227 2435 400 2473 nimium.
451 2431 582 2475 Guelf.
613 2443 655 2471 ut
674 2434 716 2472 in
734 2449 862 2474 unum.

284 2502 322 2554 §.
345 2506 438 2543 101.
493 2501 616 2542 Unde.
663 2499 785 2543 Amb.
799 2507 836 2542 1.
857 2501 965 2542 Flor.
986 2502 1087 2544 inde.
1177 2520 1263 2545 cum
1284 2506 1324 2543 in
1346 2503 1430 2546 hos.
1474 2503 1614 2547 Turio.

166 2564 273 2609 Flor.
296 2567 410 2610 Alm.
432 2567 568 2611 Guelf.
589 2568 716 2611 Amb.
737 2576 778 2612 2.
799 2573 926 2612 omitt.
947 2573 1001 2611 in.
1050 2570 1168 2612 Voss.
1194 2577 1231 2613 1.
1259 2571 1313 2611 ad
1331 2571 1416 2614 hos.
1511 2575 1616 2613 inci-

167 2633 318 2678 derunt.
367 2635 508 2694 Camp.
531 2638 755 2681 inciderent.
838 2650 1029 2695 poterant.
1067 2639 1175 2682 Flor.
1194 2651 1410 2696 potuerunt.
1493 2644 1616 2682 astri-
