<?xml version="1.0" encoding="UTF-8"?>
<!DOCTYPE html PUBLIC "-//W3C//DTD XHTML 1.0 Transitional//EN"
    "http://www.w3.org/TR/xhtml1/DTD/xhtml1-transitional.dtd">
<html xmlns="http://www.w3.org/1999/xhtml" xml:lang="en" lang="en">
 <head>
  <title>
</title>
<meta http-equiv="Content-Type" content="text/html;charset=utf-8" />
  <meta name='ocr-system' content='tesseract 3.04.00' />
  <meta name='ocr-capabilities' content='ocr_page ocr_carea ocr_par ocr_line ocrx_word'/>
</head>
<body>
  <div class='ocr_page' id='page_1' title='image "./deinstitutioneor05quinuoft_0399.png"; bbox 0 0 1721 2974; ppageno 0'>
   <div class='ocr_carea' id='block_1_1' title="bbox 214 112 1519 167">
    <p class='ocr_par' dir='ltr' id='par_1_1' title="bbox 214 112 1519 167">
     <span class='ocr_line' id='line_1_1' title="bbox 214 112 1519 167; baseline 0.005 -13"><span class='ocrx_word' id='word_1_1' title='bbox 214 114 267 154; x_wconf 72' lang='lat' dir='ltr'><strong>cul</strong></span> <span class='ocrx_word' id='word_1_2' title='bbox 291 113 454 167; x_wconf 67' lang='lat' dir='ltr'><em>Quinlz&#39;l.</em></span> <span class='ocrx_word' id='word_1_3' title='bbox 473 113 602 156; x_wconf 78' lang='lat' dir='ltr'><em>Instit.</em></span> <span class='ocrx_word' id='word_1_4' title='bbox 632 112 733 165; x_wconf 70' lang='lat' dir='ltr'><em>VII,</em></span> <span class='ocrx_word' id='word_1_5' title='bbox 747 118 784 155; x_wconf 83' lang='lat'><strong>3.</strong></span> <span class='ocrx_word' id='word_1_6' title='bbox 809 113 1067 165; x_wconf 75' lang='lat'><strong>§.16--36-</strong></span> <span class='ocrx_word' id='word_1_7' title='bbox 1116 117 1156 156; x_wconf 76' lang='grc'><strong>4.</strong></span> <span class='ocrx_word' id='word_1_8' title='bbox 1180 117 1216 166; x_wconf 83' lang='lat'><strong>§.</strong></span> <span class='ocrx_word' id='word_1_9' title='bbox 1242 122 1380 160; x_wconf 85' lang='lat'><strong>1—5.</strong></span> <span class='ocrx_word' id='word_1_10' title='bbox 1439 123 1519 160; x_wconf 83' lang='grc'><strong>367</strong></span> 
     </span>
    </p>
   </div>
   <div class='ocr_carea' id='block_1_2' title="bbox 68 227 1527 1292">
    <p class='ocr_par' dir='ltr' id='par_1_2' title="bbox 74 227 1522 350">
     <span class='ocr_line' id='line_1_2' title="bbox 192 227 1522 285; baseline 0.004 -16"><span class='ocrx_word' id='word_1_11' title='bbox 192 229 230 279; x_wconf 88' lang='lat'><strong>§.</strong></span> <span class='ocrx_word' id='word_1_12' title='bbox 262 233 330 269; x_wconf 90' lang='lat'><strong>30.</strong></span> <span class='ocrx_word' id='word_1_13' title='bbox 381 228 448 267; x_wconf 83' lang='lat' dir='ltr'><strong>An</strong></span> <span class='ocrx_word' id='word_1_14' title='bbox 469 237 588 268; x_wconf 78' lang='lat' dir='ltr'><strong><em>amat.</em></strong></span> <span class='ocrx_word' id='word_1_15' title='bbox 634 227 894 283; x_wconf 63' lang='lat' dir='ltr'>Spaldhuqus</span> <span class='ocrx_word' id='word_1_16' title='bbox 916 230 959 268; x_wconf 87' lang='lat' dir='ltr'><strong>in</strong></span> <span class='ocrx_word' id='word_1_17' title='bbox 981 230 1107 282; x_wconf 82' lang='lat' dir='ltr'><strong>praef.</strong></span> <span class='ocrx_word' id='word_1_18' title='bbox 1130 227 1226 269; x_wconf 85' lang='lat' dir='ltr'>Vol.</span> <span class='ocrx_word' id='word_1_19' title='bbox 1244 227 1303 270; x_wconf 87' lang='lat' dir='ltr'><strong>III</strong></span> <span class='ocrx_word' id='word_1_20' title='bbox 1320 247 1360 285; x_wconf 81' lang='lat' dir='ltr'><strong>p.</strong></span> <span class='ocrx_word' id='word_1_21' title='bbox 1383 229 1450 272; x_wconf 85' lang='lat' dir='ltr'><strong>XI</strong></span> <span class='ocrx_word' id='word_1_22' title='bbox 1471 249 1522 274; x_wconf 82' lang='lat' dir='ltr'><strong>an</strong></span> 
     </span>
     <span class='ocr_line' id='line_1_3' title="bbox 74 297 806 350; baseline -0.001 -13"><span class='ocrx_word' id='word_1_23' title='bbox 74 297 162 337; x_wconf 83' lang='lat' dir='ltr'><strong>tolli</strong></span> <span class='ocrx_word' id='word_1_24' title='bbox 180 298 290 348; x_wconf 82' lang='lat' dir='ltr'><strong>jubet</strong></span> <span class='ocrx_word' id='word_1_25' title='bbox 303 327 314 347; x_wconf 94' lang='lat'>‚</span> <span class='ocrx_word' id='word_1_26' title='bbox 356 298 449 350; x_wconf 79' lang='lat' dir='ltr'>quia</span> <span class='ocrx_word' id='word_1_27' title='bbox 470 304 659 350; x_wconf 87' lang='lat' dir='ltr'><strong>sequatur</strong></span> <span class='ocrx_word' id='word_1_28' title='bbox 681 312 806 336; x_wconf 79' lang='lat' dir='ltr'><strong>necne.</strong></span> 
     </span>
    </p>

    <p class='ocr_par' dir='ltr' id='par_1_3' title="bbox 187 361 1266 419">
     <span class='ocr_line' id='line_1_4' title="bbox 187 361 1266 419; baseline 0.001 -14"><span class='ocrx_word' id='word_1_29' title='bbox 187 364 224 415; x_wconf 84' lang='lat'><strong>§.</strong></span> <span class='ocrx_word' id='word_1_30' title='bbox 258 368 326 404; x_wconf 81' lang='lat'><strong>31.</strong></span> <span class='ocrx_word' id='word_1_31' title='bbox 386 361 531 402; x_wconf 74' lang='lat' dir='ltr'><em>tumulo</em></span> <span class='ocrx_word' id='word_1_32' title='bbox 550 379 668 416; x_wconf 83' lang='lat' dir='ltr'><strong>quem.</strong></span> <span class='ocrx_word' id='word_1_33' title='bbox 719 362 827 404; x_wconf 82' lang='lat' dir='ltr'>Flor.</span> <span class='ocrx_word' id='word_1_34' title='bbox 850 363 967 418; x_wconf 69' lang='lat' dir='ltr'><em>quid,</em></span> <span class='ocrx_word' id='word_1_35' title='bbox 1005 362 1126 406; x_wconf 87' lang='lat' dir='ltr'><strong>Amb.</strong></span> <span class='ocrx_word' id='word_1_36' title='bbox 1150 364 1266 419; x_wconf 72' lang='lat' dir='ltr'><strong><em>quod.</em></strong></span> 
     </span>
    </p>

    <p class='ocr_par' dir='ltr' id='par_1_4' title="bbox 72 429 1524 620">
     <span class='ocr_line' id='line_1_5' title="bbox 185 429 1522 485; baseline 0.002 -12"><span class='ocrx_word' id='word_1_37' title='bbox 185 435 222 485; x_wconf 85' lang='lat'><strong>§.</strong></span> <span class='ocrx_word' id='word_1_38' title='bbox 255 436 324 472; x_wconf 87' lang='lat'><strong>32.</strong></span> <span class='ocrx_word' id='word_1_39' title='bbox 385 432 442 468; x_wconf 79' lang='lat' dir='ltr'><strong>rei</strong></span> <span class='ocrx_word' id='word_1_40' title='bbox 470 439 538 469; x_wconf 82' lang='lat' dir='ltr'><strong>est.</strong></span> <span class='ocrx_word' id='word_1_41' title='bbox 598 429 724 471; x_wconf 85' lang='lat' dir='ltr'><strong>Amb.</strong></span> <span class='ocrx_word' id='word_1_42' title='bbox 755 448 857 471; x_wconf 83' lang='lat' dir='ltr'><strong>reum</strong></span> <span class='ocrx_word' id='word_1_43' title='bbox 868 461 881 480; x_wconf 91' lang='lat'><em>,</em></span> <span class='ocrx_word' id='word_1_44' title='bbox 930 434 1016 472; x_wconf 89' lang='lat' dir='ltr'><strong>sine</strong></span> <span class='ocrx_word' id='word_1_45' title='bbox 1055 442 1125 473; x_wconf 77' lang='lat' dir='ltr'><strong>est.</strong></span> <span class='ocrx_word' id='word_1_46' title='bbox 1237 450 1386 474; x_wconf 79' lang='lat' dir='ltr'><strong>necesse</strong></span> <span class='ocrx_word' id='word_1_47' title='bbox 1411 447 1522 477; x_wconf 71' lang='lat' dir='ltr'><strong>esset.</strong></span> 
     </span>
     <span class='ocr_line' id='line_1_6' title="bbox 73 497 1524 555; baseline 0.002 -14"><span class='ocrx_word' id='word_1_48' title='bbox 73 500 197 541; x_wconf 88' lang='lat' dir='ltr'>Amb.</span> <span class='ocrx_word' id='word_1_49' title='bbox 227 510 296 539; x_wconf 80' lang='lat' dir='ltr'><strong>est.</strong></span> <span class='ocrx_word' id='word_1_50' title='bbox 410 500 638 537; x_wconf 78' lang='lat' dir='ltr'><strong><em>accusatori</em></strong></span> <span class='ocrx_word' id='word_1_51' title='bbox 668 508 732 538; x_wconf 80' lang='lat' dir='ltr'><strong>sat</strong></span> <span class='ocrx_word' id='word_1_52' title='bbox 762 509 832 540; x_wconf 71' lang='lat' dir='ltr'><strong>est.</strong></span> <span class='ocrx_word' id='word_1_53' title='bbox 889 498 1025 539; x_wconf 85' lang='lat' dir='ltr'><strong>Etiam</strong></span> <span class='ocrx_word' id='word_1_54' title='bbox 1050 497 1156 540; x_wconf 85' lang='lat' dir='ltr'><strong>Flor.</strong></span> <span class='ocrx_word' id='word_1_55' title='bbox 1186 515 1208 540; x_wconf 82' lang='lat' dir='ltr'>a</span> <span class='ocrx_word' id='word_1_56' title='bbox 1237 517 1297 555; x_wconf 84' lang='lat' dir='ltr'><strong>pr.</strong></span> <span class='ocrx_word' id='word_1_57' title='bbox 1327 517 1449 543; x_wconf 80' lang='lat' dir='ltr'><strong>manu</strong></span> <span class='ocrx_word' id='word_1_58' title='bbox 1479 511 1524 544; x_wconf 85' lang='lat' dir='ltr'><strong>nt</strong></span> 
     </span>
     <span class='ocr_line' id='line_1_7' title="bbox 72 563 1327 620; baseline -0.001 -11"><span class='ocrx_word' id='word_1_59' title='bbox 72 567 211 608; x_wconf 81' lang='lat' dir='ltr'>Turio.</span> <span class='ocrx_word' id='word_1_60' title='bbox 231 580 315 606; x_wconf 85' lang='lat' dir='ltr'><strong>non</strong></span> <span class='ocrx_word' id='word_1_61' title='bbox 333 564 459 605; x_wconf 86' lang='lat' dir='ltr'><strong>Amb.</strong></span> <span class='ocrx_word' id='word_1_62' title='bbox 559 563 738 620; x_wconf 74' lang='lat' dir='ltr'><strong><em>factum.</em></strong></span> <span class='ocrx_word' id='word_1_63' title='bbox 785 565 820 606; x_wconf 89' lang='lat' dir='ltr'><strong>F</strong></span> <span class='ocrx_word' id='word_1_64' title='bbox 822 569 895 607; x_wconf 91' lang='lat' dir='ltr'>lor.</span> <span class='ocrx_word' id='word_1_65' title='bbox 915 566 1041 608; x_wconf 87' lang='lat' dir='ltr'><strong>Amb.</strong></span> <span class='ocrx_word' id='word_1_66' title='bbox 1063 570 1161 607; x_wconf 86' lang='lat' dir='ltr'><strong>item</strong></span> <span class='ocrx_word' id='word_1_67' title='bbox 1181 579 1327 608; x_wconf 74' lang='lat' dir='ltr'><strong><em>actum.</em></strong></span> 
     </span>
    </p>

    <p class='ocr_par' dir='ltr' id='par_1_5' title="bbox 72 630 1525 809">
     <span class='ocr_line' id='line_1_8' title="bbox 183 630 1525 686; baseline 0.002 -11"><span class='ocrx_word' id='word_1_68' title='bbox 183 637 220 686; x_wconf 60' lang='grc' dir='ltr'><strong>ξ.</strong></span> <span class='ocrx_word' id='word_1_69' title='bbox 253 638 320 674; x_wconf 87' lang='grc'><strong>33.</strong></span> <span class='ocrx_word' id='word_1_70' title='bbox 376 635 444 672; x_wconf 72' lang='lat' dir='ltr'><strong>cui</strong></span> <span class='ocrx_word' id='word_1_71' title='bbox 467 633 577 671; x_wconf 80' lang='lat' dir='ltr'><strong>abest</strong></span> <span class='ocrx_word' id='word_1_72' title='bbox 596 647 619 670; x_wconf 83' lang='lat' dir='ltr'>a</span> <span class='ocrx_word' id='word_1_73' title='bbox 641 630 752 673; x_wconf 79' lang='lat' dir='ltr'><strong>Flor.</strong></span> <span class='ocrx_word' id='word_1_74' title='bbox 777 641 816 673; x_wconf 87' lang='lat' dir='ltr'><strong>et</strong></span> <span class='ocrx_word' id='word_1_75' title='bbox 833 632 960 675; x_wconf 82' lang='lat' dir='ltr'>Amb.</span> <span class='ocrx_word' id='word_1_76' title='bbox 1005 632 1110 674; x_wconf 86' lang='lat' dir='ltr'>Item</span> <span class='ocrx_word' id='word_1_77' title='bbox 1130 638 1247 676; x_wconf 89' lang='lat' dir='ltr'>ambo</span> <span class='ocrx_word' id='word_1_78' title='bbox 1270 647 1337 676; x_wconf 79' lang='lat' dir='ltr'><strong>aut</strong></span> <span class='ocrx_word' id='word_1_79' title='bbox 1357 640 1525 678; x_wconf 73' lang='lat' dir='ltr'><strong><em>amicum</em></strong></span> 
     </span>
     <span class='ocr_line' id='line_1_9' title="bbox 73 701 1525 758; baseline 0.001 -15"><span class='ocrx_word' id='word_1_80' title='bbox 73 703 301 748; x_wconf 76' lang='lat' dir='ltr'><strong>accesserit,</strong></span> <span class='ocrx_word' id='word_1_81' title='bbox 349 707 394 739; x_wconf 88' lang='lat' dir='ltr'><strong>ut</strong></span> <span class='ocrx_word' id='word_1_82' title='bbox 421 713 506 737; x_wconf 86' lang='lat' dir='ltr'><strong>non</strong></span> <span class='ocrx_word' id='word_1_83' title='bbox 535 713 678 738; x_wconf 73' lang='lat' dir='ltr'><strong>verum</strong></span> <span class='ocrx_word' id='word_1_84' title='bbox 706 715 788 739; x_wconf 81' lang='lat' dir='ltr'><strong>esse</strong></span> <span class='ocrx_word' id='word_1_85' title='bbox 818 701 1000 742; x_wconf 83' lang='lat' dir='ltr'><strong>videatur</strong></span> <span class='ocrx_word' id='word_1_86' title='bbox 1030 704 1140 758; x_wconf 88' lang='lat' dir='ltr'><strong>quod</strong></span> <span class='ocrx_word' id='word_1_87' title='bbox 1157 702 1382 745; x_wconf 84' lang='lat' dir='ltr'><strong>Burmann.</strong></span> <span class='ocrx_word' id='word_1_88' title='bbox 1404 707 1525 746; x_wconf 78' lang='lat' dir='ltr'><strong>tradit</strong></span> 
     </span>
     <span class='ocr_line' id='line_1_10' title="bbox 72 765 647 809; baseline -0.007 1"><span class='ocrx_word' id='word_1_89' title='bbox 72 772 116 809; x_wconf 87' lang='lat' dir='ltr'><strong>in</strong></span> <span class='ocrx_word' id='word_1_90' title='bbox 137 768 342 809; x_wconf 79' lang='lat' dir='ltr'><strong>Almelov.</strong></span> <span class='ocrx_word' id='word_1_91' title='bbox 365 782 447 807; x_wconf 88' lang='lat' dir='ltr'><strong>esse</strong></span> <span class='ocrx_word' id='word_1_92' title='bbox 470 765 647 806; x_wconf 74' lang='lat' dir='ltr'><strong>accedat.</strong></span> 
     </span>
    </p>

    <p class='ocr_par' dir='ltr' id='par_1_6' title="bbox 68 832 1527 1292">
     <span class='ocr_line' id='line_1_11' title="bbox 185 832 1526 890; baseline 0.004 -17"><span class='ocrx_word' id='word_1_93' title='bbox 185 837 220 888; x_wconf 63' lang='grc' dir='ltr'><strong>ς.</strong></span> <span class='ocrx_word' id='word_1_94' title='bbox 248 836 314 876; x_wconf 87' lang='grc'><strong>34.</strong></span> <span class='ocrx_word' id='word_1_95' title='bbox 362 845 519 889; x_wconf 79' lang='lat' dir='ltr'><strong>praeter</strong></span> <span class='ocrx_word' id='word_1_96' title='bbox 542 833 702 875; x_wconf 83' lang='lat' dir='ltr'><em>malum.</em></span> <span class='ocrx_word' id='word_1_97' title='bbox 743 832 776 875; x_wconf 88' lang='lat' dir='ltr'>F</span> <span class='ocrx_word' id='word_1_98' title='bbox 778 837 848 874; x_wconf 90' lang='lat' dir='ltr'><strong>lor.</strong></span> <span class='ocrx_word' id='word_1_99' title='bbox 868 845 1029 890; x_wconf 81' lang='lat' dir='ltr'><strong><em>propter</em></strong></span> <span class='ocrx_word' id='word_1_100' title='bbox 1048 850 1071 876; x_wconf 81' lang='lat' dir='ltr'>a</span> <span class='ocrx_word' id='word_1_101' title='bbox 1087 852 1148 890; x_wconf 84' lang='lat' dir='ltr'><strong>pr.</strong></span> <span class='ocrx_word' id='word_1_102' title='bbox 1169 851 1302 889; x_wconf 66' lang='lat' dir='ltr'>man,</span> <span class='ocrx_word' id='word_1_103' title='bbox 1332 840 1381 878; x_wconf 81' lang='lat' dir='ltr'><strong>ab</strong></span> <span class='ocrx_word' id='word_1_104' title='bbox 1404 841 1526 880; x_wconf 80' lang='lat' dir='ltr'><strong>altera</strong></span> 
     </span>
     <span class='ocr_line' id='line_1_12' title="bbox 68 901 1527 960; baseline 0.003 -18"><span class='ocrx_word' id='word_1_105' title='bbox 68 914 237 957; x_wconf 80' lang='lat' dir='ltr'><strong>praeter.</strong></span> <span class='ocrx_word' id='word_1_106' title='bbox 281 901 364 942; x_wconf 86' lang='lat' dir='ltr'><strong>Sed</strong></span> <span class='ocrx_word' id='word_1_107' title='bbox 385 917 539 940; x_wconf 81' lang='lat' dir='ltr'><strong><em>manum</em></strong></span> <span class='ocrx_word' id='word_1_108' title='bbox 561 902 719 942; x_wconf 70' lang='lat' dir='ltr'><strong>videtur</strong></span> <span class='ocrx_word' id='word_1_109' title='bbox 743 911 781 942; x_wconf 82' lang='lat' dir='ltr'><strong>et</strong></span> <span class='ocrx_word' id='word_1_110' title='bbox 802 902 869 943; x_wconf 80' lang='lat' dir='ltr'><strong>hic</strong></span> <span class='ocrx_word' id='word_1_111' title='bbox 889 912 929 943; x_wconf 87' lang='lat' dir='ltr'><strong>et</strong></span> <span class='ocrx_word' id='word_1_112' title='bbox 951 902 1076 944; x_wconf 83' lang='lat' dir='ltr'><strong>Aan.</strong></span> <span class='ocrx_word' id='word_1_113' title='bbox 1098 907 1214 953; x_wconf 82' lang='lat' dir='ltr'><strong>tueri,</strong></span> <span class='ocrx_word' id='word_1_114' title='bbox 1246 921 1298 944; x_wconf 85' lang='lat' dir='ltr'><strong>ex</strong></span> <span class='ocrx_word' id='word_1_115' title='bbox 1319 921 1399 960; x_wconf 90' lang='lat' dir='ltr'><strong>quo</strong></span> <span class='ocrx_word' id='word_1_116' title='bbox 1420 907 1527 947; x_wconf 80' lang='lat' dir='ltr'>nihil</span> 
     </span>
     <span class='ocr_line' id='line_1_13' title="bbox 71 968 1524 1025; baseline 0.003 -15"><span class='ocrx_word' id='word_1_117' title='bbox 71 972 272 1011; x_wconf 83' lang='lat' dir='ltr'><strong>diversum</strong></span> <span class='ocrx_word' id='word_1_118' title='bbox 301 971 349 1008; x_wconf 83' lang='lat' dir='ltr'><strong>ab</strong></span> <span class='ocrx_word' id='word_1_119' title='bbox 384 968 582 1009; x_wconf 79' lang='lat' dir='ltr'><strong>Obrecht.</strong></span> <span class='ocrx_word' id='word_1_120' title='bbox 616 972 808 1023; x_wconf 77' lang='lat' dir='ltr'><strong>scriptura</strong></span> <span class='ocrx_word' id='word_1_121' title='bbox 826 981 984 1025; x_wconf 76' lang='lat' dir='ltr'><strong>praeter</strong></span> <span class='ocrx_word' id='word_1_122' title='bbox 1005 987 1161 1010; x_wconf 82' lang='lat' dir='ltr'><strong><em>manum</em></strong></span> <span class='ocrx_word' id='word_1_123' title='bbox 1181 981 1357 1013; x_wconf 85' lang='lat' dir='ltr'><strong>notatur.</strong></span> <span class='ocrx_word' id='word_1_124' title='bbox 1399 973 1524 1015; x_wconf 83' lang='lat' dir='ltr'>Paris.</span> 
     </span>
     <span class='ocr_line' id='line_1_14' title="bbox 71 1036 1526 1093; baseline 0.002 -15"><span class='ocrx_word' id='word_1_125' title='bbox 71 1043 112 1078; x_wconf 83' lang='lat'><strong>2.</strong></span> <span class='ocrx_word' id='word_1_126' title='bbox 134 1036 303 1085; x_wconf 81' lang='lat' dir='ltr'><em>malum,</em></span> <span class='ocrx_word' id='word_1_127' title='bbox 356 1041 392 1077; x_wconf 87' lang='lat'><strong>1.</strong></span> <span class='ocrx_word' id='word_1_128' title='bbox 420 1053 592 1076; x_wconf 81' lang='lat' dir='ltr'><strong><em>manum.</em></strong></span> <span class='ocrx_word' id='word_1_129' title='bbox 649 1036 851 1093; x_wconf 85' lang='lat' dir='ltr'><strong>Equidem</strong></span> <span class='ocrx_word' id='word_1_130' title='bbox 881 1039 981 1093; x_wconf 88' lang='lat' dir='ltr'><strong>quid</strong></span> <span class='ocrx_word' id='word_1_131' title='bbox 1008 1041 1060 1078; x_wconf 86' lang='lat' dir='ltr'><strong>sit</strong></span> <span class='ocrx_word' id='word_1_132' title='bbox 1087 1049 1245 1092; x_wconf 77' lang='lat' dir='ltr'><strong>praeter</strong></span> <span class='ocrx_word' id='word_1_133' title='bbox 1269 1039 1416 1080; x_wconf 81' lang='lat' dir='ltr'><em>malum</em></span> <span class='ocrx_word' id='word_1_134' title='bbox 1441 1056 1526 1081; x_wconf 83' lang='lat' dir='ltr'><strong>non</strong></span> 
     </span>
     <span class='ocr_line' id='line_1_15' title="bbox 71 1106 1526 1162; baseline 0.003 -19"><span class='ocrx_word' id='word_1_135' title='bbox 71 1107 253 1157; x_wconf 83' lang='lat' dir='ltr'>intelligo</span> <span class='ocrx_word' id='word_1_136' title='bbox 281 1107 359 1144; x_wconf 83' lang='lat' dir='ltr'>nisi</span> <span class='ocrx_word' id='word_1_137' title='bbox 391 1106 492 1146; x_wconf 66' lang='lat' dir='ltr'><strong>forie</strong></span> <span class='ocrx_word' id='word_1_138' title='bbox 516 1114 674 1157; x_wconf 78' lang='lat' dir='ltr'><strong>practer</strong></span> <span class='ocrx_word' id='word_1_139' title='bbox 695 1106 844 1145; x_wconf 77' lang='lat' dir='ltr'><em>malam</em></span> <span class='ocrx_word' id='word_1_140' title='bbox 870 1116 1057 1158; x_wconf 81' lang='lat' dir='ltr'><strong>mentem‚·</strong></span> <span class='ocrx_word' id='word_1_141' title='bbox 1097 1107 1166 1146; x_wconf 89' lang='lat' dir='ltr'><strong>sed</strong></span> <span class='ocrx_word' id='word_1_142' title='bbox 1189 1118 1347 1162; x_wconf 81' lang='lat' dir='ltr'><strong>praeter</strong></span> <span class='ocrx_word' id='word_1_143' title='bbox 1369 1125 1526 1148; x_wconf 82' lang='lat' dir='ltr'><em>manum</em></span> 
     </span>
     <span class='ocr_line' id='line_1_16' title="bbox 71 1174 1527 1227; baseline 0.003 -17"><span class='ocrx_word' id='word_1_144' title='bbox 71 1174 312 1225; x_wconf 84' lang='lat' dir='ltr'><strong>interpretor</strong></span> <span class='ocrx_word' id='word_1_145' title='bbox 328 1182 484 1226; x_wconf 77' lang='lat' dir='ltr'><strong>praeter</strong></span> <span class='ocrx_word' id='word_1_146' title='bbox 507 1174 599 1220; x_wconf 77' lang='lat' dir='ltr'><strong><em>vim,</em></strong></span> <span class='ocrx_word' id='word_1_147' title='bbox 630 1188 755 1227; x_wconf 81' lang='lat' dir='ltr'><strong>quam</strong></span> <span class='ocrx_word' id='word_1_148' title='bbox 774 1175 870 1214; x_wconf 76' lang='lat' dir='ltr'><strong>dicit</strong></span> <span class='ocrx_word' id='word_1_149' title='bbox 888 1183 1024 1214; x_wconf 80' lang='lat' dir='ltr'><strong>tamen</strong></span> <span class='ocrx_word' id='word_1_150' title='bbox 1046 1176 1090 1213; x_wconf 77' lang='lat' dir='ltr'><strong>iu</strong></span> <span class='ocrx_word' id='word_1_151' title='bbox 1107 1174 1327 1215; x_wconf 71' lang='lat' dir='ltr'>homicidio</span> <span class='ocrx_word' id='word_1_152' title='bbox 1349 1179 1527 1215; x_wconf 81' lang='lat' dir='ltr'>maxime</span> 
     </span>
     <span class='ocr_line' id='line_1_17' title="bbox 72 1239 453 1292; baseline -0.003 -12"><span class='ocrx_word' id='word_1_153' title='bbox 72 1239 331 1292; x_wconf 80' lang='lat' dir='ltr'><strong>spectandam</strong></span> <span class='ocrx_word' id='word_1_154' title='bbox 359 1253 453 1279; x_wconf 88' lang='lat' dir='ltr'><strong>esse.</strong></span> 
     </span>
    </p>
   </div>
   <div class='ocr_carea' id='block_1_3' title="bbox 73 1304 1527 1427">
    <p class='ocr_par' dir='ltr' id='par_1_7' title="bbox 73 1304 1527 1427">
     <span class='ocr_line' id='line_1_18' title="bbox 185 1304 1527 1359; baseline 0.003 -12"><span class='ocrx_word' id='word_1_155' title='bbox 185 1308 221 1359; x_wconf 83' lang='lat'><strong>§.</strong></span> <span class='ocrx_word' id='word_1_156' title='bbox 252 1310 318 1346; x_wconf 84' lang='lat'><strong>36.</strong></span> <span class='ocrx_word' id='word_1_157' title='bbox 380 1306 449 1345; x_wconf 76' lang='lat' dir='ltr'><strong>secl</strong></span> <span class='ocrx_word' id='word_1_158' title='bbox 466 1308 598 1346; x_wconf 77' lang='lat' dir='ltr'><strong>etiam.</strong></span> <span class='ocrx_word' id='word_1_159' title='bbox 642 1304 711 1347; x_wconf 82' lang='lat' dir='ltr'><strong>Sic</strong></span> <span class='ocrx_word' id='word_1_160' title='bbox 729 1306 853 1348; x_wconf 81' lang='lat' dir='ltr'>Paris.</span> <span class='ocrx_word' id='word_1_161' title='bbox 879 1314 939 1357; x_wconf 82' lang='grc'><strong>1.,</strong></span> <span class='ocrx_word' id='word_1_162' title='bbox 980 1308 1050 1348; x_wconf 80' lang='lat' dir='ltr'><strong>sed</strong></span> <span class='ocrx_word' id='word_1_163' title='bbox 1069 1307 1196 1349; x_wconf 84' lang='lat' dir='ltr'><strong>Amb.</strong></span> <span class='ocrx_word' id='word_1_164' title='bbox 1220 1318 1260 1348; x_wconf 83' lang='lat' dir='ltr'><strong>et</strong></span> <span class='ocrx_word' id='word_1_165' title='bbox 1276 1308 1384 1352; x_wconf 87' lang='lat' dir='ltr'><strong>Flor.</strong></span> <span class='ocrx_word' id='word_1_166' title='bbox 1403 1313 1527 1351; x_wconf 86' lang='lat' dir='ltr'><strong>silen-</strong></span> 
     </span>
     <span class='ocr_line' id='line_1_19' title="bbox 73 1366 1526 1427; baseline 0.002 -12"><span class='ocrx_word' id='word_1_167' title='bbox 73 1384 138 1415; x_wconf 81' lang='lat' dir='ltr'><strong>tur</strong></span> <span class='ocrx_word' id='word_1_168' title='bbox 165 1384 211 1414; x_wconf 84' lang='lat' dir='ltr'><strong>ut</strong></span> <span class='ocrx_word' id='word_1_169' title='bbox 238 1374 428 1414; x_wconf 84' lang='lat' dir='ltr'><strong>exhibere</strong></span> <span class='ocrx_word' id='word_1_170' title='bbox 458 1375 672 1414; x_wconf 82' lang='lat' dir='ltr'><strong>videantur</strong></span> <span class='ocrx_word' id='word_1_171' title='bbox 701 1374 769 1412; x_wconf 76' lang='lat' dir='ltr'><strong>scd</strong></span> <span class='ocrx_word' id='word_1_172' title='bbox 789 1375 854 1414; x_wconf 73' lang='lat' dir='ltr'><strong>hic</strong></span> <span class='ocrx_word' id='word_1_173' title='bbox 878 1379 1018 1427; x_wconf 77' lang='lat' dir='ltr'><strong>eiiam,</strong></span> <span class='ocrx_word' id='word_1_174' title='bbox 1062 1377 1206 1416; x_wconf 84' lang='lat' dir='ltr'><strong>deinde</strong></span> <span class='ocrx_word' id='word_1_175' title='bbox 1231 1377 1275 1417; x_wconf 82' lang='lat' dir='ltr'><strong>hi</strong></span> <span class='ocrx_word' id='word_1_176' title='bbox 1295 1381 1412 1418; x_wconf 84' lang='lat' dir='ltr'>ambo</span> <span class='ocrx_word' id='word_1_177' title='bbox 1434 1366 1526 1419; x_wconf 62' lang='lat' dir='ltr'><strong>c⁵um</strong></span> 
     </span>
    </p>
   </div>
   <div class='ocr_carea' id='block_1_4' title="bbox 72 1441 1527 1562">
    <p class='ocr_par' dir='ltr' id='par_1_8' title="bbox 72 1441 1527 1562">
     <span class='ocr_line' id='line_1_20' title="bbox 72 1441 1527 1503; baseline 0.003 -21"><span class='ocrx_word' id='word_1_178' title='bbox 72 1442 278 1483; x_wconf 76' lang='lat' dir='ltr'><strong>Almelov.</strong></span> <span class='ocrx_word' id='word_1_179' title='bbox 296 1444 475 1496; x_wconf 76' lang='lat' dir='ltr'><strong>finitiva.</strong></span> <span class='ocrx_word' id='word_1_180' title='bbox 534 1441 587 1481; x_wconf 88' lang='lat' dir='ltr'><strong>Et</strong></span> <span class='ocrx_word' id='word_1_181' title='bbox 606 1443 763 1481; x_wconf 78' lang='lat' dir='ltr'><strong>videtur</strong></span> <span class='ocrx_word' id='word_1_182' title='bbox 791 1443 868 1482; x_wconf 86' lang='lat' dir='ltr'><strong>hoc</strong></span> <span class='ocrx_word' id='word_1_183' title='bbox 894 1443 1058 1482; x_wconf 86' lang='lat' dir='ltr'><strong>defendi</strong></span> <span class='ocrx_word' id='word_1_184' title='bbox 1080 1459 1208 1497; x_wconf 86' lang='lat' dir='ltr'><strong>posse.</strong></span> <span class='ocrx_word' id='word_1_185' title='bbox 1301 1445 1418 1503; x_wconf 83' lang='lat' dir='ltr'><strong><em>forte</em></strong></span> <span class='ocrx_word' id='word_1_186' title='bbox 1441 1450 1527 1503; x_wconf 81' lang='lat' dir='ltr'><em>qui-</em></span> 
     </span>
     <span class='ocr_line' id='line_1_21' title="bbox 72 1507 1114 1562; baseline 0.003 -14"><span class='ocrx_word' id='word_1_187' title='bbox 72 1509 159 1549; x_wconf 73' lang='lat' dir='ltr'><strong>clem</strong></span> <span class='ocrx_word' id='word_1_188' title='bbox 178 1518 218 1550; x_wconf 87' lang='lat' dir='ltr'><strong>et</strong></span> <span class='ocrx_word' id='word_1_189' title='bbox 235 1507 355 1551; x_wconf 86' lang='lat' dir='ltr'><strong>Amb.</strong></span> <span class='ocrx_word' id='word_1_190' title='bbox 377 1508 411 1549; x_wconf 88' lang='lat' dir='ltr'>F</span> <span class='ocrx_word' id='word_1_191' title='bbox 414 1511 486 1548; x_wconf 87' lang='lat' dir='ltr'>lor.</span> <span class='ocrx_word' id='word_1_192' title='bbox 509 1509 634 1548; x_wconf 82' lang='lat' dir='ltr'><strong>iidem</strong></span> <span class='ocrx_word' id='word_1_193' title='bbox 657 1519 691 1546; x_wconf 80' lang='lat' dir='ltr'><strong>et</strong></span> <span class='ocrx_word' id='word_1_194' title='bbox 713 1518 801 1562; x_wconf 86' lang='lat' dir='ltr'>post</span> <span class='ocrx_word' id='word_1_195' title='bbox 819 1510 887 1549; x_wconf 71' lang='lat' dir='ltr'><strong>secl</strong></span> <span class='ocrx_word' id='word_1_196' title='bbox 907 1514 1114 1552; x_wconf 84' lang='lat' dir='ltr'><strong>omittunt.</strong></span> 
     </span>
    </p>
   </div>
   <div class='ocr_carea' id='block_1_5' title="bbox 104 1665 1155 1833">
    <p class='ocr_par' dir='ltr' id='par_1_9' title="bbox 104 1665 1155 1833">
     <span class='ocr_line' id='line_1_22' title="bbox 652 1665 951 1708; baseline 0.007 -2"><span class='ocrx_word' id='word_1_197' title='bbox 652 1665 731 1706; x_wconf 76' lang='lat' dir='ltr'><strong>CA</strong></span> <span class='ocrx_word' id='word_1_198' title='bbox 764 1682 802 1707; x_wconf 62' lang='lat' dir='ltr'><strong>p.</strong></span> <span class='ocrx_word' id='word_1_199' title='bbox 863 1665 951 1708; x_wconf 87' lang='lat' dir='ltr'><strong>IV.</strong></span> 
     </span>
     <span class='ocr_line' id='line_1_23' title="bbox 104 1742 1155 1833; baseline 0.003 -15"><span class='ocrx_word' id='word_1_200' title='bbox 104 1752 107 1755; x_wconf 61' lang='grc'>’</span> <span class='ocrx_word' id='word_1_201' title='bbox 141 1742 148 1744; x_wconf 53' lang='lat'><strong><em>„</em></strong></span> <span class='ocrx_word' id='word_1_202' title='bbox 186 1778 276 1818; x_wconf 83' lang='lat' dir='ltr'><strong>DE</strong></span> <span class='ocrx_word' id='word_1_203' title='bbox 315 1777 732 1830; x_wconf 77' lang='lat' dir='ltr'><em>QVALITATE</em></span> <span class='ocrx_word' id='word_1_204' title='bbox 770 1777 908 1833; x_wconf 71' lang='lat' dir='ltr'><strong>(nor.</strong></span> <span class='ocrx_word' id='word_1_205' title='bbox 937 1777 1061 1820; x_wconf 78' lang='lat' dir='ltr'><strong>Amb.</strong></span> <span class='ocrx_word' id='word_1_206' title='bbox 1085 1779 1155 1833; x_wconf 87' lang='lat'><strong>1.)</strong></span> 
     </span>
    </p>
   </div>
   <div class='ocr_carea' id='block_1_6' title="bbox 186 1844 1526 1965">
    <p class='ocr_par' dir='ltr' id='par_1_10' title="bbox 186 1844 1526 1965">
     <span class='ocr_line' id='line_1_24' title="bbox 186 1844 1172 1901; baseline 0.002 -16"><span class='ocrx_word' id='word_1_207' title='bbox 186 1848 221 1897; x_wconf 89' lang='lat'><strong>§.</strong></span> <span class='ocrx_word' id='word_1_208' title='bbox 252 1852 292 1886; x_wconf 92' lang='lat'><strong>1.</strong></span> <span class='ocrx_word' id='word_1_209' title='bbox 348 1846 412 1886; x_wconf 84' lang='lat' dir='ltr'><strong>sol</strong></span> <span class='ocrx_word' id='word_1_210' title='bbox 430 1863 492 1886; x_wconf 79' lang='lat' dir='ltr'><strong>an.</strong></span> <span class='ocrx_word' id='word_1_211' title='bbox 540 1844 650 1887; x_wconf 89' lang='lat' dir='ltr'>Flor.</span> <span class='ocrx_word' id='word_1_212' title='bbox 681 1845 807 1886; x_wconf 83' lang='lat' dir='ltr'><strong>Amb.</strong></span> <span class='ocrx_word' id='word_1_213' title='bbox 834 1849 1099 1901; x_wconf 82' lang='lat' dir='ltr'><strong>interponunt</strong></span> <span class='ocrx_word' id='word_1_214' title='bbox 1123 1859 1172 1888; x_wconf 82' lang='lat' dir='ltr'><strong>et.</strong></span> 
     </span>
     <span class='ocr_line' id='line_1_25' title="bbox 187 1913 1526 1965; baseline 0.005 -13"><span class='ocrx_word' id='word_1_215' title='bbox 187 1916 221 1965; x_wconf 86' lang='lat'><strong>§.</strong></span> <span class='ocrx_word' id='word_1_216' title='bbox 252 1919 292 1954; x_wconf 85' lang='lat'><strong>2.</strong></span> <span class='ocrx_word' id='word_1_217' title='bbox 349 1916 538 1953; x_wconf 78' lang='lat' dir='ltr'><em>suasoriis</em></span> <span class='ocrx_word' id='word_1_218' title='bbox 567 1916 749 1953; x_wconf 66' lang='lat' dir='ltr'><strong><em>tractari.</em></strong></span> <span class='ocrx_word' id='word_1_219' title='bbox 797 1913 865 1954; x_wconf 83' lang='lat' dir='ltr'>Sic.</span> <span class='ocrx_word' id='word_1_220' title='bbox 891 1915 1015 1955; x_wconf 79' lang='lat' dir='ltr'><strong>Paris.</strong></span> <span class='ocrx_word' id='word_1_221' title='bbox 1040 1921 1077 1955; x_wconf 85' lang='lat'><strong>2.</strong></span> <span class='ocrx_word' id='word_1_222' title='bbox 1109 1924 1149 1956; x_wconf 83' lang='lat' dir='ltr'><strong>et</strong></span> <span class='ocrx_word' id='word_1_223' title='bbox 1175 1918 1267 1957; x_wconf 83' lang='lat' dir='ltr'><strong>fort.</strong></span> <span class='ocrx_word' id='word_1_224' title='bbox 1299 1915 1425 1958; x_wconf 87' lang='lat' dir='ltr'><strong>Amb.</strong></span> <span class='ocrx_word' id='word_1_225' title='bbox 1457 1920 1526 1959; x_wconf 83' lang='lat' dir='ltr'><strong>sed</strong></span> 
     </span>
    </p>
   </div>
   <div class='ocr_carea' id='block_1_7' title="bbox 7 1973 1526 2036">
    <p class='ocr_par' dir='ltr' id='par_1_11' title="bbox 7 1973 1526 2036">
     <span class='ocr_line' id='line_1_26' title="bbox 7 1973 1526 2036; baseline 0.003 -14"><span class='ocrx_word' id='word_1_226' title='bbox 7 1973 11 2011; x_wconf 49' lang='lat'><strong>¹¹</strong></span> <span class='ocrx_word' id='word_1_227' title='bbox 73 1984 334 2036; x_wconf 82' lang='lat' dir='ltr'><strong>interponunt</strong></span> <span class='ocrx_word' id='word_1_228' title='bbox 362 1980 574 2035; x_wconf 75' lang='lat' dir='ltr'><em>aliquando</em></span> <span class='ocrx_word' id='word_1_229' title='bbox 603 1980 692 2021; x_wconf 85' lang='lat' dir='ltr'><strong>Par.</strong></span> <span class='ocrx_word' id='word_1_230' title='bbox 715 1986 754 2020; x_wconf 89' lang='lat'><strong>1.</strong></span> <span class='ocrx_word' id='word_1_231' title='bbox 785 1991 824 2020; x_wconf 87' lang='lat' dir='ltr'><strong>et</strong></span> <span class='ocrx_word' id='word_1_232' title='bbox 852 1984 943 2023; x_wconf 84' lang='lat' dir='ltr'><strong>fort.</strong></span> <span class='ocrx_word' id='word_1_233' title='bbox 975 1982 1081 2022; x_wconf 83' lang='lat' dir='ltr'><strong>Flor.</strong></span> <span class='ocrx_word' id='word_1_234' title='bbox 1138 1993 1243 2023; x_wconf 84' lang='lat' dir='ltr'><strong>certe</strong></span> <span class='ocrx_word' id='word_1_235' title='bbox 1271 1988 1409 2026; x_wconf 73' lang='lat' dir='ltr'><strong>siletur</strong></span> <span class='ocrx_word' id='word_1_236' title='bbox 1442 1988 1526 2028; x_wconf 83' lang='lat' dir='ltr'>hic.</span> 
     </span>
    </p>
   </div>
   <div class='ocr_carea' id='block_1_8' title="bbox 73 2047 1527 2241">
    <p class='ocr_par' dir='ltr' id='par_1_12' title="bbox 73 2047 1527 2241">
     <span class='ocr_line' id='line_1_27' title="bbox 157 2047 1527 2104; baseline 0.004 -14"><span class='ocrx_word' id='word_1_237' title='bbox 157 2061 305 2104; x_wconf 74' lang='lat' dir='ltr'><strong><em>quanta</em></strong></span> <span class='ocrx_word' id='word_1_238' title='bbox 331 2052 369 2088; x_wconf 78' lang='lat' dir='ltr'><strong>in</strong></span> <span class='ocrx_word' id='word_1_239' title='bbox 394 2065 455 2088; x_wconf 80' lang='lat' dir='ltr'><strong>ea.</strong></span> <span class='ocrx_word' id='word_1_240' title='bbox 507 2047 615 2088; x_wconf 85' lang='lat' dir='ltr'><strong>Flor.</strong></span> <span class='ocrx_word' id='word_1_241' title='bbox 645 2056 691 2087; x_wconf 87' lang='lat' dir='ltr'><strong>ut</strong></span> <span class='ocrx_word' id='word_1_242' title='bbox 720 2047 973 2100; x_wconf 59' lang='lat' dir='ltr'><strong>Turio-ensis,</strong></span> <span class='ocrx_word' id='word_1_243' title='bbox 1014 2048 1135 2090; x_wconf 90' lang='lat' dir='ltr'><strong>Amb.</strong></span> <span class='ocrx_word' id='word_1_244' title='bbox 1171 2061 1211 2091; x_wconf 85' lang='lat' dir='ltr'><strong>et</strong></span> <span class='ocrx_word' id='word_1_245' title='bbox 1237 2052 1315 2092; x_wconf 87' lang='lat' dir='ltr'><strong>hoc</strong></span> <span class='ocrx_word' id='word_1_246' title='bbox 1343 2056 1383 2093; x_wconf 84' lang='lat' dir='ltr'><strong>in</strong></span> <span class='ocrx_word' id='word_1_247' title='bbox 1403 2058 1527 2095; x_wconf 81' lang='lat' dir='ltr'>omit-</span> 
     </span>
     <span class='ocr_line' id='line_1_28' title="bbox 73 2114 852 2172; baseline -0.004 -14"><span class='ocrx_word' id='word_1_248' title='bbox 73 2120 134 2159; x_wconf 79' lang='lat' dir='ltr'>tit.</span> <span class='ocrx_word' id='word_1_249' title='bbox 222 2117 329 2172; x_wconf 79' lang='lat' dir='ltr'><strong><em>quod</em></strong></span> <span class='ocrx_word' id='word_1_250' title='bbox 348 2117 432 2156; x_wconf 80' lang='lat' dir='ltr'><em>illic</em></span> <span class='ocrx_word' id='word_1_251' title='bbox 451 2118 571 2155; x_wconf 81' lang='lat' dir='ltr'><strong>etiam</strong></span> <span class='ocrx_word' id='word_1_252' title='bbox 594 2114 627 2154; x_wconf 86' lang='lat' dir='ltr'>F</span> <span class='ocrx_word' id='word_1_253' title='bbox 629 2118 704 2156; x_wconf 89' lang='lat' dir='ltr'>lor.</span> <span class='ocrx_word' id='word_1_254' title='bbox 731 2115 852 2155; x_wconf 82' lang='lat' dir='ltr'><strong>Amb.</strong></span> 
     </span>
     <span class='ocr_line' id='line_1_29' title="bbox 185 2181 1524 2241; baseline 0.001 -15"><span class='ocrx_word' id='word_1_255' title='bbox 185 2189 221 2236; x_wconf 86' lang='lat'><strong>§.</strong></span> <span class='ocrx_word' id='word_1_256' title='bbox 251 2191 290 2226; x_wconf 87' lang='lat'><strong>3.</strong></span> <span class='ocrx_word' id='word_1_257' title='bbox 350 2186 472 2238; x_wconf 73' lang='lat' dir='ltr'><em>igitur</em></span> <span class='ocrx_word' id='word_1_258' title='bbox 496 2185 674 2237; x_wconf 82' lang='lat' dir='ltr'><strong><em>primum.</em></strong></span> <span class='ocrx_word' id='word_1_259' title='bbox 724 2181 829 2223; x_wconf 80' lang='lat' dir='ltr'>Flor.</span> <span class='ocrx_word' id='word_1_260' title='bbox 859 2181 980 2224; x_wconf 85' lang='lat' dir='ltr'><strong>Amb.</strong></span> <span class='ocrx_word' id='word_1_261' title='bbox 1011 2188 1202 2227; x_wconf 77' lang='lat' dir='ltr'><strong>omittunt</strong></span> <span class='ocrx_word' id='word_1_262' title='bbox 1233 2189 1425 2241; x_wconf 79' lang='lat' dir='ltr'><strong><em>primum,</em></strong></span> <span class='ocrx_word' id='word_1_263' title='bbox 1478 2191 1524 2228; x_wconf 84' lang='lat' dir='ltr'><strong>in</strong></span> 
     </span>
    </p>
   </div>
   <div class='ocr_carea' id='block_1_9' title="bbox 62 2253 1524 2308">
    <p class='ocr_par' dir='ltr' id='par_1_13' title="bbox 62 2253 1524 2308">
     <span class='ocr_line' id='line_1_30' title="bbox 62 2253 1524 2308; baseline 0 -12"><span class='ocrx_word' id='word_1_264' title='bbox 62 2253 194 2296; x_wconf 64' lang='lat' dir='ltr'><strong>‘Amb.</strong></span> <span class='ocrx_word' id='word_1_265' title='bbox 215 2258 334 2294; x_wconf 78' lang='lat' dir='ltr'>litura</span> <span class='ocrx_word' id='word_1_266' title='bbox 356 2261 435 2300; x_wconf 85' lang='lat' dir='ltr'><strong>est,</strong></span> <span class='ocrx_word' id='word_1_267' title='bbox 476 2253 554 2290; x_wconf 85' lang='lat' dir='ltr'><strong>fuit</strong></span> <span class='ocrx_word' id='word_1_268' title='bbox 583 2253 745 2291; x_wconf 79' lang='lat' dir='ltr'><strong>fortasse</strong></span> <span class='ocrx_word' id='word_1_269' title='bbox 776 2253 920 2304; x_wconf 68' lang='lat' dir='ltr'><em>igitur,</em></span> <span class='ocrx_word' id='word_1_270' title='bbox 952 2268 1063 2293; x_wconf 88' lang='lat' dir='ltr'><strong>nunc</strong></span> <span class='ocrx_word' id='word_1_271' title='bbox 1092 2263 1149 2294; x_wconf 74' lang='lat' dir='ltr'><strong>est</strong></span> <span class='ocrx_word' id='word_1_272' title='bbox 1176 2257 1333 2308; x_wconf 78' lang='lat' dir='ltr'><em>agitur,</em></span> <span class='ocrx_word' id='word_1_273' title='bbox 1350 2255 1476 2296; x_wconf 67' lang='lat' dir='ltr'>‘Flor.</span> <span class='ocrx_word' id='word_1_274' title='bbox 1501 2272 1524 2296; x_wconf 87' lang='lat' dir='ltr'>a</span> 
     </span>
    </p>
   </div>
   <div class='ocr_carea' id='block_1_10' title="bbox 72 2318 1522 2643">
    <p class='ocr_par' dir='ltr' id='par_1_14' title="bbox 72 2318 1522 2643">
     <span class='ocr_line' id='line_1_31' title="bbox 72 2318 1522 2377; baseline 0 -13"><span class='ocrx_word' id='word_1_275' title='bbox 72 2339 132 2377; x_wconf 83' lang='lat' dir='ltr'><strong>pr.</strong></span> <span class='ocrx_word' id='word_1_276' title='bbox 157 2337 283 2363; x_wconf 86' lang='lat' dir='ltr'><strong>manu</strong></span> <span class='ocrx_word' id='word_1_277' title='bbox 301 2322 426 2375; x_wconf 78' lang='lat' dir='ltr'><strong>egitur</strong></span> <span class='ocrx_word' id='word_1_278' title='bbox 439 2349 450 2367; x_wconf 92' lang='lat'>,</span> <span class='ocrx_word' id='word_1_279' title='bbox 489 2333 607 2372; x_wconf 82' lang='lat' dir='ltr'>supra</span> <span class='ocrx_word' id='word_1_280' title='bbox 628 2321 772 2372; x_wconf 76' lang='lat' dir='ltr'><strong><em>agitur.</em></strong></span> <span class='ocrx_word' id='word_1_281' title='bbox 829 2318 970 2361; x_wconf 59' lang='lat' dir='ltr'><strong>Paris&amp;</strong></span> <span class='ocrx_word' id='word_1_282' title='bbox 999 2323 1189 2370; x_wconf 69' lang='lat' dir='ltr'><strong>silemus,</strong></span> <span class='ocrx_word' id='word_1_283' title='bbox 1230 2325 1291 2362; x_wconf 78' lang='lat' dir='ltr'><strong>uti</strong></span> <span class='ocrx_word' id='word_1_284' title='bbox 1308 2326 1393 2363; x_wconf 87' lang='lat' dir='ltr'><strong>fieri</strong></span> <span class='ocrx_word' id='word_1_285' title='bbox 1409 2328 1522 2374; x_wconf 80' lang='lat' dir='ltr'><strong>solet,</strong></span> 
     </span>
     <span class='ocr_line' id='line_1_32' title="bbox 74 2388 1521 2446; baseline 0.001 -15"><span class='ocrx_word' id='word_1_286' title='bbox 74 2392 143 2431; x_wconf 86' lang='lat' dir='ltr'><strong>ubi</strong></span> <span class='ocrx_word' id='word_1_287' title='bbox 162 2390 262 2446; x_wconf 85' lang='lat' dir='ltr'><strong>quid</strong></span> <span class='ocrx_word' id='word_1_288' title='bbox 281 2405 334 2429; x_wconf 84' lang='lat' dir='ltr'><strong>ex</strong></span> <span class='ocrx_word' id='word_1_289' title='bbox 350 2391 398 2428; x_wconf 83' lang='lat' dir='ltr'><strong>iis</strong></span> <span class='ocrx_word' id='word_1_290' title='bbox 418 2389 518 2428; x_wconf 84' lang='lat' dir='ltr'><strong>scire</strong></span> <span class='ocrx_word' id='word_1_291' title='bbox 535 2388 633 2428; x_wconf 85' lang='lat' dir='ltr'><strong>velis</strong></span> <span class='ocrx_word' id='word_1_292' title='bbox 647 2417 659 2438; x_wconf 84' lang='lat'>,</span> <span class='ocrx_word' id='word_1_293' title='bbox 698 2388 934 2440; x_wconf 79' lang='lat' dir='ltr'><strong>ingeruntur</strong></span> <span class='ocrx_word' id='word_1_294' title='bbox 954 2397 1092 2428; x_wconf 85' lang='lat' dir='ltr'><strong>contra</strong></span> <span class='ocrx_word' id='word_1_295' title='bbox 1105 2420 1116 2440; x_wconf 84' lang='lat'>,</span> <span class='ocrx_word' id='word_1_296' title='bbox 1156 2392 1226 2428; x_wconf 87' lang='lat' dir='ltr'><strong>ubi</strong></span> <span class='ocrx_word' id='word_1_297' title='bbox 1253 2393 1311 2429; x_wconf 83' lang='lat' dir='ltr'><strong>nil</strong></span> <span class='ocrx_word' id='word_1_298' title='bbox 1333 2405 1429 2444; x_wconf 90' lang='lat' dir='ltr'>opus</span> <span class='ocrx_word' id='word_1_299' title='bbox 1450 2401 1521 2432; x_wconf 85' lang='lat' dir='ltr'><strong>est.</strong></span> 
     </span>
     <span class='ocr_line' id='line_1_33' title="bbox 186 2453 1518 2512; baseline 0.001 -14"><span class='ocrx_word' id='word_1_300' title='bbox 186 2459 222 2509; x_wconf 61' lang='grc' dir='ltr'><strong>ξ.</strong></span> <span class='ocrx_word' id='word_1_301' title='bbox 251 2458 290 2498; x_wconf 92' lang='grc'><strong>4.</strong></span> <span class='ocrx_word' id='word_1_302' title='bbox 346 2473 425 2512; x_wconf 83' lang='lat' dir='ltr'><strong>qua</strong></span> <span class='ocrx_word' id='word_1_303' title='bbox 444 2459 581 2511; x_wconf 84' lang='lat' dir='ltr'><strong><em>ipsum.</em></strong></span> <span class='ocrx_word' id='word_1_304' title='bbox 630 2453 756 2496; x_wconf 87' lang='lat' dir='ltr'><strong>Amb.</strong></span> <span class='ocrx_word' id='word_1_305' title='bbox 780 2471 835 2495; x_wconf 80' lang='lat' dir='ltr'><strong>ex</strong></span> <span class='ocrx_word' id='word_1_306' title='bbox 857 2472 936 2509; x_wconf 85' lang='lat' dir='ltr'><strong>qua</strong></span> <span class='ocrx_word' id='word_1_307' title='bbox 953 2467 988 2496; x_wconf 80' lang='lat' dir='ltr'><strong>et</strong></span> <span class='ocrx_word' id='word_1_308' title='bbox 1004 2458 1132 2511; x_wconf 85' lang='lat' dir='ltr'><em>ipsum</em></span> <span class='ocrx_word' id='word_1_309' title='bbox 1149 2459 1299 2497; x_wconf 85' lang='lat' dir='ltr'><strong>lineola</strong></span> <span class='ocrx_word' id='word_1_310' title='bbox 1320 2466 1518 2500; x_wconf 79' lang='lat' dir='ltr'><strong>notatum.</strong></span> 
     </span>
     <span class='ocr_line' id='line_1_34' title="bbox 157 2522 922 2579; baseline -0.003 -14"><span class='ocrx_word' id='word_1_311' title='bbox 157 2536 310 2579; x_wconf 80' lang='lat' dir='ltr'><strong>partem</strong></span> <span class='ocrx_word' id='word_1_312' title='bbox 330 2525 444 2565; x_wconf 78' lang='lat' dir='ltr'><strong><em>hanc.</em></strong></span> <span class='ocrx_word' id='word_1_313' title='bbox 491 2523 527 2564; x_wconf 88' lang='lat' dir='ltr'>F</span> <span class='ocrx_word' id='word_1_314' title='bbox 528 2527 604 2564; x_wconf 85' lang='lat' dir='ltr'>lor.</span> <span class='ocrx_word' id='word_1_315' title='bbox 633 2522 736 2563; x_wconf 79' lang='lat' dir='ltr'><strong>hanc</strong></span> <span class='ocrx_word' id='word_1_316' title='bbox 758 2533 922 2576; x_wconf 81' lang='lat' dir='ltr'><strong>partem.</strong></span> 
     </span>
     <span class='ocr_line' id='line_1_35' title="bbox 189 2590 1097 2643; baseline -0.001 -10"><span class='ocrx_word' id='word_1_317' title='bbox 189 2594 223 2643; x_wconf 88' lang='lat'><strong>§.</strong></span> <span class='ocrx_word' id='word_1_318' title='bbox 253 2599 291 2635; x_wconf 87' lang='lat'><strong>5.</strong></span> <span class='ocrx_word' id='word_1_319' title='bbox 346 2593 557 2633; x_wconf 76' lang='lat' dir='ltr'><strong>Sedenim.</strong></span> <span class='ocrx_word' id='word_1_320' title='bbox 604 2590 719 2632; x_wconf 72' lang='lat' dir='ltr'><strong>Nihil</strong></span> <span class='ocrx_word' id='word_1_321' title='bbox 745 2594 901 2632; x_wconf 71' lang='lat' dir='ltr'>variant</span> <span class='ocrx_word' id='word_1_322' title='bbox 929 2591 1097 2632; x_wconf 86' lang='lat' dir='ltr'><strong>codices.</strong></span> 
     </span>
    </p>
   </div>
  </div>
 </body>
</html>
