1695 2974
190 163 314 197 xxw

186 276 290 302 nevo
321 261 557 318 exemplum
587 262 821 308 Burmanni
861 277 901 309 et
931 268 1108 311 Gesneri
1147 281 1337 325 secutus,
1381 278 1524 318 timide
1547 292 1622 333 pro

184 342 355 395 antiqua
402 339 613 397 elegantia
660 348 867 389 reveritus
916 356 1050 399 esset,
1100 351 1210 405 quod
1256 366 1367 393 nunc
1407 353 1625 408 apparebit

184 419 371 474 undique
402 420 573 462 collatis
601 423 794 466 membris
830 427 972 482 inepte
1003 431 1280 484 compositum
1307 439 1518 485 spectrum
1548 446 1624 487 po—

181 498 264 538 tius
303 511 426 553 quam
465 512 610 541 verum
642 516 791 557 corpus
829 506 1058 560 scriptoris.
1117 506 1201 548 Sed
1229 509 1379 562 injusti
1407 523 1460 550 ne
1491 511 1623 552 simus

181 576 384 617 adversus
427 586 592 619 veteres
638 578 758 632 illos,
808 583 878 637 qui
916 592 963 624 ut
1005 586 1119 626 sitim
1164 585 1401 642 aequalium
1450 602 1623 630 suorum

180 654 252 694 dju
299 652 518 696 collectam
564 660 896 713 restinguerent,
953 672 1226 717 properantes
1289 664 1621 723 festinantesque

177 729 310 772 libros
340 733 608 788 antiquorum
636 737 950 791 protrudebant‚
984 740 1092 782 nihil
1117 743 1255 783 minus
1274 748 1463 798 agentes,
1496 758 1621 800 quam

177 810 289 864 quod
327 824 438 852 nunc
470 812 677 871 facimus,
731 825 777 856 ut
813 815 998 870 syllabas
1038 827 1081 858 et
1130 821 1270 874 apices
1311 823 1618 874 examinemus,

177 890 399 944 omniaque
450 892 829 937 verisimilitudinis
875 905 1090 937 momenta
1127 900 1448 953 perpendamus.
1533 901 1619 942 Sed

175 976 314 1008 tamen
345 971 472 1009 etiam
501 971 546 1011 in
577 969 658 1012 hoc
687 975 891 1029 scriptore
922 974 1186 1031 intelligitur,
1217 992 1340 1033 quam
1366 991 1475 1018 vana
1501 976 1618 1033 vulgi

174 1047 389 1086 veneratio
418 1045 611 1090 lectionis
641 1049 836 1106 vulgatae
867 1054 937 1102 sit,
970 1068 1174 1110 quamque
1203 1057 1362 1110 injuste
1391 1070 1470 1096 nos
1489 1063 1618 1096 teme-

172 1125 307 1165 ritatis
346 1139 616 1179 accusemur,
663 1131 701 1170 si
735 1131 781 1170 in
822 1144 975 1185 magna
1013 1134 1132 1187 copia
1170 1132 1378 1173 bonorum
1407 1132 1616 1175 librorum

170 1205 548 1258 manuscriptorum
567 1205 765 1263 pleraque
788 1207 911 1250 aliter
930 1212 1183 1251 constituere
1205 1219 1246 1251 et
1265 1209 1366 1251 licet
1382 1219 1423 1251 et
1441 1225 1614 1252 necesse

170 1290 256 1333 est,
308 1296 431 1337 quam
469 1283 606 1325 adhuc
641 1287 687 1327 in
728 1287 985 1329 editionibus
1022 1287 1270 1343 vulgaribus
1307 1289 1399 1329 fuit.
1471 1287 1612 1338 Quid?

169 1360 472 1402 Temeritatem
524 1370 570 1404 tu
620 1378 772 1416 voces,
822 1381 916 1407 cum
966 1381 1044 1421 ego
1087 1367 1140 1407 ne
1179 1365 1407 1407 litterulam
1445 1368 1611 1422 quidem

166 1439 296 1481 ullam
326 1454 381 1480 ex
409 1441 583 1495 ingenio
617 1446 888 1495 correxerim,
919 1446 1017 1500 quin
1037 1445 1260 1484 iudicarim
1289 1452 1331 1484 et
1361 1445 1609 1496 addiderim,

166 1520 265 1574 quid
285 1527 325 1559 et
354 1517 454 1559 olim
485 1521 643 1562 editum
673 1523 799 1563 fuerit
820 1532 861 1563 et
889 1525 988 1578 quid
1006 1525 1050 1563 in
1077 1522 1292 1563 codicibus
1313 1525 1612 1578 manuscriptis

165 1597 354 1653 legatur,
404 1607 448 1637 ut
474 1581 558 1639 frui
596 1603 732 1655 possis
758 1603 919 1655 judicio
951 1601 1048 1642 tuo}
1116 1600 1283 1649 Quanto
1324 1610 1484 1643 veteres
1525 1601 1605 1653 illi,

167 1692 270 1731 quos
303 1677 549 1727 admiraris,
591 1677 813 1721 liberiores
844 1681 1039 1730 fuerunt,
1095 1689 1250 1734 quanto
1282 1679 1483 1720 adversus
1512 1678 1605 1729 hos,

163 1757 200 1796 si
231 1756 331 1810 quid
359 1755 469 1795 bene
500 1765 637 1797 actum
667 1768 778 1810 erat,
830 1757 1027 1814 aequales
1058 1759 1125 1799 sui
1149 1759 1351 1811 justiores
1381 1759 1608 1811 gratiores-

163 1849 256 1889 que.
324 1833 409 1873 Sed
447 1835 577 1875 missa
616 1835 720 1877 haec
759 1838 988 1887 faciamus,
1041 1845 1082 1877 et
1121 1837 1300 1891 tempori
1339 1836 1608 1889 dijudicanda

159 1911 444 1967 relinquamus
454 1913 502 1967 κ).

200 2083 237 2126 ’7)
263 2084 411 2118 Possem
434 2083 503 2119 hoc
526 2087 607 2120 loco
633 2086 745 2127 abuti,
770 2094 812 2119 ut
834 2088 956 2119 nescio
980 2085 1087 2128 cujus
1108 2082 1238 2115 veteris
1255 2084 1386 2126 poetae
1404 2081 1604 2115 maledictis

247 2142 510 2183 responderem,
551 2146 616 2187 qui
658 2155 776 2186 nuper
810 2145 849 2176 iu
891 2140 1195 2184 Ephemeridibus
1233 2140 1345 2173 litter.
1382 2139 1603 2173 Halensibus

245 2209 396 2241 operam
420 2210 535 2232 meam
567 2201 604 2234 in
630 2199 676 2243 Q.
703 2199 831 2234 Curtio
860 2198 1078 2231 recensendo
1103 2200 1259 2241 positam
1282 2199 1332 2229 ita
1359 2196 1524 2244 incessit,
1561 2203 1604 2229 ut

210 2247 213 2250 ’
246 2255 358 2288 simul
391 2266 515 2288 omnes
547 2251 727 2299 ληκῦθους
759 2256 964 2301 praeclarae
997 2257 1081 2288 artis
1114 2264 1199 2287 suae
1233 2255 1274 2285 in
1297 2250 1430 2285 tuenda
1456 2253 1603 2294 vulgata

246 2313 420 2352 lectione,
456 2313 562 2355 cujus
594 2324 726 2346 vereor
749 2321 792 2347 ut
816 2314 992 2355 originem
1019 2322 1181 2355 unquam
1205 2309 1449 2349 intellexerit,
1483 2307 1602 2341 effun-

245 2368 365 2407 deret,
409 2371 628 2413 auriumque
661 2381 810 2403 suarum
844 2369 1034 2402 delicatum
1070 2378 1214 2400 sensum
1249 2365 1476 2409 praedicaret.
1530 2363 1602 2398 Sed

244 2432 399 2458 transeat
416 2423 558 2468 sibique
574 2425 701 2460 haheat
720 2427 930 2469 sapientiam
954 2435 1056 2457 suam
1079 2426 1144 2466 qui
1167 2433 1272 2456 ausus
1298 2423 1404 2455 etiam
1429 2424 1475 2454 sit
1490 2419 1600 2455 fidem

243 2479 449 2524 Quiritium
485 2483 687 2526 implorare
720 2490 755 2516 et
789 2483 921 2516 litteris
954 2479 1160 2514 uncialibus
1195 2487 1378 2523 tamquam
1411 2476 1600 2511 infandum

242 2535 422 2581 flagitium
451 2548 612 2580 arguere,
649 2538 749 2583 quod
785 2548 852 2582 ego
892 2537 990 2581 apud
1015 2536 1183 2571 Curtium
1207 2535 1273 2576 VI,
1299 2534 1334 2574 6,
1362 2536 1406 2568 31
1432 2540 1598 2576 concepto

244 2592 327 2638 igne
341 2592 508 2636 proxima
526 2605 681 2637 quaeque
701 2594 943 2627 adurebantur
967 2603 1035 2634 pro
1053 2593 1153 2636 vulg.
1177 2589 1379 2624 adurebant
1404 2589 1598 2629 ediderim3

243 2651 347 2695 quasi
374 2650 479 2685 aliter
501 2659 579 2683 esse
606 2652 664 2685 vel
689 2653 806 2695 possit
829 2650 889 2685 vel
909 2648 1046 2687 debeat,
