1721 2974
385 140 439 180 αιῖ
467 140 631 193 Quintil.
659 139 793 178 Inslc't.
829 137 908 189 P’J,
954 143 993 178 3.
1030 139 1238 188 §.1-n9,
1455 142 1535 179 327

83 251 199 305 VIII,
227 257 266 305 6,
291 258 369 306 22,
423 255 493 293 ubi
534 255 682 293 fatetur
720 253 846 293 nescio
882 267 932 292 an
962 251 1069 305 apud
1099 249 1276 304 Quintil.
1307 251 1434 292 etlam
1459 266 1534 291 ne-

81 331 201 374 gante
239 337 358 362 sensu
398 323 585 362 inveniri.
643 318 768 372 Quod
808 335 904 360 cum
943 322 1015 359 illo
1052 322 1140 362 loco
1179 321 1438 358 manifestum
1466 323 1532 370 sit,

82 390 252 429 debebat
283 391 405 429 etiam
431 403 600 427 manum
633 402 656 427 a
687 389 920 441 corrigendo
960 389 1154 427 abstinere
1181 383 1274 438 IX,
1307 386 1332 425 4
1362 388 1446 425 init.
1493 396 1534 426 et

81 454 141 507 X,
167 462 205 508 1,
228 460 293 498 65.
321 455 426 497 Nam
455 456 563 509 quod
591 458 634 494 in
665 455 857 496 Cicerone
886 470 1027 494 verum
1059 463 1138 504 est,
1178 463 1342 493 centum
1363 456 1533 506 amplius

83 527 197 564 aunis
237 533 326 577 post
362 526 510 562 falsum
550 539 632 562 esse
668 533 810 576 potest.
878 521 980 562 Dixi
1021 536 1067 561 ea
1106 523 1154 561 de
1194 536 1237 560 re
1276 523 1319 559 in
1349 519 1534 561 Gramm.

81 594 179 645 ling.
217 590 307 632 Lat.
348 593 520 631 breviter
559 591 748 646 quidem,
795 591 866 631 sed
901 591 1012 646 quod
1040 592 1209 631 sufficiat
1234 591 1309 641 iis,
1350 591 1423 644 qui
1459 591 1535 641 ipsi

84 660 255 706 judicare
283 657 517 710 voluerint]

193 751 225 799 §.
257 753 297 789 7.
357 749 457 786 enim
487 746 550 786 ab.
610 745 678 786 Sio
708 749 831 786 etiam
862 745 989 787 Amb.
1014 753 1051 788 1.
1167 745 1294 788 multi.
1348 744 1486 786 Turio.
1511 759 1536 783 a

81 833 140 870 pr.
161 832 217 857 m.
248 814 394 855 multis.
496 816 743 854 ientavcrint.
795 814 934 855 Turio.
968 817 1253 869 temptaverint.
1360 815 1429 853 ris.
1456 814 1536 866 qui.

82 883 148 924 Sic
179 887 302 923 etiam,
339 882 467 923 Amb‚
499 886 537 921 1.
575 879 685 922 Flor.
802 881 914 938 quod.
953 885 1085 923 eiiam.
1145 884 1281 923 Guelf.
1322 879 1448 922 Goth.
1488 890 1536 919 et.

81 950 198 1005 quod.
313 959 438 990 tactu.
504 947 616 989 Sich.
659 952 780 989 etiam
821 960 964 988 tractu.
1032 949 1124 1003 [Ex
1160 949 1305 989 Ambr.
1344 949 1451 987 nihil
1488 949 1538 986 ab

82 1017 280 1059 Obrechti
305 1021 480 1058 lectione
512 1015 678 1071 (tactu)
712 1018 916 1056 diversum
946 1026 1132 1069 notatur,
1172 1018 1241 1056 sed
1264 1032 1316 1054 ne
1347 1031 1399 1055 ex
1426 1013 1538 1055 Flor.

81 1086 247 1141 quidem
275 1087 499 1141 quidquam
531 1100 553 1123 a
577 1083 883 1124 Burmanniana
914 1084 1074 1138 (tractu
1085 1084 1112 1139 ),
1144 1092 1191 1124 ut
1219 1084 1296 1123 hae
1321 1086 1539 1123 auctorita-

81 1164 139 1194 tes
170 1157 293 1194 altera
322 1157 463 1194 tollere
486 1155 653 1192 alteram
673 1154 901 1193 videantur.
961 1152 1069 1194 Mihi
1086 1153 1252 1208 quidem
1272 1161 1403 1190 tractu
1419 1153 1540 1190 unice

82 1238 223 1261 verum
252 1223 435 1272 videtur,
474 1236 549 1260 nec
575 1223 799 1274 intelligere
830 1238 895 1261 me
924 1223 1073 1271 fateor,
1104 1224 1173 1274 qui
1202 1231 1331 1260 tactus
1362 1220 1542 1272 corporis

82 1294 204 1344 possit
243 1291 336 1331 dici.
405 1288 602 1329 Tractum
640 1292 917 1329 membrorum
953 1290 1111 1342 explico
1151 1297 1309 1342 gestum
1348 1289 1540 1341 aliquem,

83 1374 206 1413 quem
243 1357 388 1410 Quint.
424 1367 528 1397 certe
567 1371 651 1396 non
677 1356 829 1411 facio,
880 1357 990 1412 quod
1029 1365 1146 1395 autea
1175 1359 1329 1409 posuit,
1368 1354 1543 1406 intelligi

82 1430 222 1466 voluit.
279 1427 448 1466 Factum
479 1426 645 1480 quidem
674 1425 893 1463 ridiculum
920 1425 1044 1464 habes
1070 1439 1190 1476 supra
1211 1421 1290 1465 VI.
1309 1429 1346 1472 1,
1368 1423 1455 1474 48.]

85 1510 163 1533 una
194 1497 358 1534 ratione.
418 1493 547 1533 Aan.
577 1499 615 1534 1.
656 1491 768 1533 Flor.
807 1491 899 1533 Par.
934 1497 969 1532 1.
999 1494 1122 1531 etiam
1152 1502 1196 1529 ut
1224 1492 1461 1530 narratione.

68 1561 194 1618 ⁴solet.
252 1560 378 1601 Amb.
413 1567 449 1601 1.
482 1559 591 1600 Flor.
624 1563 747 1599 etiam
775 1558 913 1599 soleat.
1031 1576 1161 1613 neque.
1222 1556 1346 1599 Goth.
1381 1573 1462 1596 nec.

85 1640 152 1667 ant
167 1628 309 1685 facta.
359 1629 427 1668 Sic
457 1632 580 1668 etiam
608 1627 720 1669 Sich.
773 1643 823 1666 ac
847 1626 886 1682 f=
918 1629 1042 1666 etiam
1071 1625 1178 1667 Flor.
1294 1624 1398 1681 quod
1416 1641 1442 1664 α
1460 1623 1542 1664 der.

85 1695 193 1737 FIor.
225 1699 319 1751 quia
349 1696 430 1736 cler.
481 1696 593 1737 Jens.
625 1704 664 1735 et
694 1695 784 1734 edd.
816 1703 909 1734 ante
937 1693 1040 1735 ΑΜ.
1071 1697 1163 1750 quia
1190 1712 1218 1735 a
1247 1694 1332 1735 ἄεν.

196 1788 230 1839 §.
264 1792 304 1827 8.
364 1787 470 1840 ipso's
500 1786 681 1825 dicentes.
733 1783 802 1826 Sic
826 1786 949 1824 etiam
972 1782 1096 1826 Amb.
1123 1790 1160 1825 1.
1190 1784 1281 1826 Par.
1303 1790 1343 1827 2.
1384 1783 1550 1825 Verum

86 1854 195 1895 Flor.
227 1870 250 1893 a
277 1869 338 1907 pr.
369 1868 425 1893 m.
456 1855 541 1907 ipso
575 1853 752 1893 dicentis.
869 1863 1007 1891 autem.
1065 1851 1208 1907 Camp.
1237 1863 1320 1893 aut.
1436 1853 1547 1893 levis.

88 1932 139 1964 et.
196 1921 337 1962 Turio.
367 1935 391 1959 a
416 1935 476 1973 pr.
506 1935 562 1959 m.
594 1920 761 1960 leviscct.
876 1930 912 1958 et
942 1937 1043 1975 quae
1070 1920 1135 1961 ab.
1194 1919 1333 1963 Turio.
1366 1936 1388 1960 a
1409 1936 1467 1974 pr.
1487 1935 1545 1961 m.

88 2000 205 2045 atque
227 1989 291 2030 αἶ).
406 1989 569 2027 scurris.
626 1986 764 2027 Turio.
794 2001 818 2026 a
837 2003 898 2040 pr.
920 2003 976 2028 m.
1010 1990 1150 2026 curris.
1262 1987 1548 2042 insipientibus.

88 2057 217 2099 Amb.
242 2062 281 2097 1.
311 2054 421 2097 Flor.
452 2057 573 2094 etiam
602 2054 906 2109 inspicientibus,
1020 2066 1236 2096 moveatur.
1297 2054 1430 2096 Guelf.
1462 2072 1550 2095 mo-

90 2136 264 2165 veantur.
388 2132 532 2163 tamen.
590 2120 716 2163 Amb.
752 2128 787 2163 1.
816 2120 928 2163 Flor.
961 2125 1084 2165 etiam
1114 2134 1206 2166 tum.
1322 2125 1547 2179 repugnari.

90 2193 199 2235 Jens.
232 2206 460 2247 repugnare.

205 2283 243 2335 §.
274 2287 315 2324 9.
373 2282 487 2320 enim.
545 2277 673 2319 Amb.
697 2284 734 2319 1.
766 2278 875 2320 Flor.
905 2282 1046 2331 ctiam,
1081 2280 1190 2335 quod
1213 2290 1273 2322 tot
1298 2283 1410 2323 libris
1437 2297 1552 2322 ‹som-

94 2352 333 2391 mendatum
362 2350 534 2388 debebat
563 2348 697 2399 recipi.
812 2350 959 2387 invitis.
1017 2347 1144 2389 Amb.
1178 2354 1215 2390 1.
1253 2365 1418 2406 quoque
1447 2352 1553 2390 ιἠυἱ-

97 2430 170 2460 ius.
284 2431 423 2472 saepe.-
461 2431 543 2454 nec.
594 2412 721 2455 Amb.
748 2420 784 2455 1.
816 2431 840 2456 a
868 2432 929 2470 pr.
955 2430 1011 2457 m.
1040 2415 1074 2456 F
1077 2420 1152 2458 lor.
1181 2432 1205 2457 a
1234 2434 1294 2472 pr.
1324 2433 1381 2458 m.
1412 2422 1552 2459 insert.

98 2503 166 2527 nec
193 2485 321 2525 vultus
351 2502 431 2540 ope.
489 2481 600 2523 Flor.
645 2498 667 2522 a
695 2499 774 2524 sec.
810 2499 866 2524 m.
901 2501 968 2524 nec
991 2484 1131 2541 fitltus
1172 2501 1254 2540 ope.
1369 2504 1438 2527 nec
1468 2486 1556 2527 vul-

99 2565 173 2594 tus.
220 2552 347 2594 Amb.
368 2559 406 2594 1.
437 2554 561 2592 etiam
589 2568 628 2591 n.
658 2550 817 2591 vultum.
875 2550 986 2593 Flor.
1018 2566 1041 2592 a
1068 2567 1147 2594 sec.
1179 2569 1237 2594 m.
1268 2571 1305 2596 n.
1322 2553 1472 2612 fultus.

102 2625 152 2662 ri.
210 2619 345 2663 Guelf.
378 2625 434 2666 in.
513 2618 643 2675 [Quo
682 2623 881 2675 pertineat
923 2622 1027 2662 illud
1058 2632 1098 2661 ut
1128 2621 1224 2661 dixi
1251 2622 1407 2665 dubitat
1435 2623 1558 2678 Spal-
