1721 2974
198 154 277 191 372
627 146 896 202 Supplcmenia
938 148 1198 186 annotationis

306 244 351 313 ξ.ἱ
375 262 415 298 6.
473 257 637 313 Propior
677 257 750 296 hoc
784 267 1015 310 proponunt.
1080 255 1128 295 In
1163 256 1286 296 Amb.
1326 255 1450 312 (item
1488 257 1631 311 Alm.)

200 327 309 366 deest
332 336 571 380 proponunt,
609 325 677 363 sed
706 327 748 361 iu
780 338 902 375 marg.
935 322 1058 363 Amb.
1091 326 1211 363 altera
1230 339 1353 362 manu
1370 327 1556 376 scriptum
1575 325 1638 363 vel

194 403 427 447 proponunt.
479 391 584 431 Flor.
606 393 753 429 siletur.
840 389 1071 430 ascenderit.
1111 390 1236 431 Amb.
1256 390 1463 430 escenderit
1483 400 1522 429 et
1539 405 1636 429 mox

200 458 468 498 escendisscni.
1310 495 1312 497 ,

314 528 346 578 ᾗ.
378 530 437 565 7..
477 522 586 574 Ergo
619 531 654 559 ct
684 537 766 576 aeq.
814 521 941 562 Ajnb.
967 522 1075 575 Ergo
1097 526 1286 577 acquitate
1305 526 1447 563 omisso
1467 533 1515 562 et.
1567 522 1637 562 Ab

201 592 279 632 hoc
311 592 404 629 inde
436 592 524 629 loco
553 587 808 641 Spaldiugius
839 592 955 629 variis
985 592 1220 629 lectionibus
1248 588 1354 630 Flor.
1388 590 1532 629 codicis
1556 591 1639 641 ipse

202 662 262 698 uti
282 660 430 709 coepit,
471 670 542 694 nos
575 658 696 707 igitur
723 671 848 695 umun
874 655 1189 696 Ambrosianum
1207 661 1244 696 1.
1259 686 1271 707 ,
1307 657 1377 696 sed
1395 659 1513 710 longe
1534 659 1642 709 opti·

203 740 317 765 mum
337 724 540 771 omnium,
580 737 789 774 excerpere
812 737 1033 775 pergemus.

318 791 350 843 ξ.
383 794 448 828 10.
507 798 595 827 ante
614 788 754 827 tutelae
774 805 865 827 suae
883 806 1018 829 armos-
1058 788 1183 829 Amb.
1204 791 1353 832 omittit
1371 805 1474 837 suae,
1506 790 1642 827 recIis-

204 859 297 896 sime
307 851 331 905 ,¹
361 870 456 894 nam
483 870 726 909 quamquam
756 858 796 894 in
823 872 934 894 suam
963 855 1121 895 tutelam
1151 859 1279 895 venire
1315 853 1454 895 Cicero
1484 870 1567 894 11011
1595 869 1642 894 eo

204 932 362 963 tantum
382 925 492 972 loco,
533 938 653 976 quem
673 921 928 975 Spaldingius
949 924 1164 974 indicavit,
1202 924 1271 963 sed
1297 925 1382 962 aliis
1409 924 1529 962 etiam
1548 923 1643 974 plu-
1680 968 1683 973 r

203 992 310 1029 ribus
331 990 455 1037 dixit,
495 1004 621 1043 eaque
642 992 791 1029 locutio
815 993 953 1044 utique
973 992 1158 1044 frequens
1181 1000 1238 1030 est
1256 988 1347 1030 Ictis
1361 1020 1372 1041 ,
1410 989 1488 1028 hoc
1506 997 1644 1028 tamen

206 1058 285 1095 dici
313 1071 396 1095 non
429 1071 540 1109 posse
572 1057 728 1095 videtur
759 1068 847 1095 ante
876 1073 997 1095 annos
1034 1073 1152 1096 suae
1190 1057 1329 1095 tutelae
1365 1055 1544 1095 decedere
1571 1068 1643 1107 pro

202 1117 410 1176 anie-quani
429 1138 520 1160 suae
540 1122 832 1178 tutelae-factus
857 1125 919 1162 sit.
973 1121 1086 1175 Quid
1113 1127 1221 1162 enim
1240 1134 1328 1162 anie
1347 1121 1502 1162 annos?
1546 1136 1644 1173 sup-

205 1191 330 1241 plebis
355 1188 563 1245 perfectos.
619 1188 791 1244 Alioqui
824 1190 994 1230 debebat
1017 1194 1147 1244 potins
1177 1200 1265 1230 anie
1296 1196 1436 1230 an‘num
1464 1191 1531 1229 vel
1557 1197 1645 1226 ante

206 1254 321 1294 diem.

320 1323 353 1376 ξ.
386 1327 454 1362 11.
510 1321 553 1361 id
573 1338 686 1377 quoq.
735 1322 862 1364 Amb.
893 1321 960 1380 (et
985 1322 1119 1380 Flor.)
1147 1324 1211 1363 hic
1234 1339 1391 1378 quoque.
1505 1306 1645 1375 appas·-
1672 1361 1675 1364 .

205 1386 331 1428 Amb.
355 1400 530 1443 apparet.
644 1393 870 1431 sestertium.
920 1390 1046 1431 Amb.
1080 1391 1202 1444 (item
1223 1390 1325 1430 Flor.
1344 1390 1413 1429 sed
1433 1385 1645 1439 mendose)

206 1459 397 1495 sestertia.
514 1456 654 1509 legato.
700 1456 814 1497 Nihil
845 1472 894 1496 ex
913 1457 1036 1498 Aan.
1062 1459 1264 1505 diversum
1280 1465 1476 1497 notatum.

321 1524 352 1576 ξ.
387 1528 452 1563 12.
511 1526 639 1564 etiam.
689 1523 817 1564 Abest
843 1526 892 1564 ab
911 1523 1037 1565 Aan.

763 1645 794 1685 C
827 1660 853 1685 A
885 1662 924 1686 P.
978 1645 1091 1686 VII.

319 1721 506 1761 LEGES
537 1721 926 1762 CONTRARIAE
963 1722 1114 1778 (Amb.
1142 1723 1251 1764 F10r.
1280 1739 1303 1763 a
1325 1738 1432 1764 man.
1451 1721 1560 1776 sec.)

323 1790 356 1841 ξ.
390 1794 426 1829 1.
485 1800 519 1827 et
542 1794 735 1843 utrinque.
785 1789 998 1830 Omittitur
1018 1801 1053 1828 et
1073 1794 1116 1829 in
1135 1790 1259 1830 Amb.

322 1856 354 1907 ξ.
384 1856 424 1895 4.
479 1855 636 1896 similes,
687 1858 890 1896 Diversae.
947 1856 1072 1897 Aan.
1102 1858 1245 1896 similes
1275 1867 1342 1897 aut
1367 1856 1486 1905 (luae,
1528 1857 1596 1896 sed
1619 1873 1644 1895 α

207 1922 251 1958 in
287 1932 354 1959 aut
391 1938 485 1961 cum
521 1926 683 1963 lineola.
799 1922 878 1962 Vir
902 1923 1036 1979 fortis
1075 1949 1131 1955 —
1164 1923 1279 1964 volet.
1341 1923 1506 1964 Omittit
1543 1924 1642 1962 haec

207 1991 342 2026 omnia
363 1988 487 2030 Amb.
578 2001 703 2044 potest
728 2006 791 2030 an.
839 1990 967 2031 Amb.
985 2002 1111 2044 potest
1133 1994 1195 2031 vir
1199 1991 1330 2048 fortis
1350 2007 1414 2030 αη.
1505 1990 1643 2030 ‹lecur-

207 2055 375 2094 rendum.
424 2055 541 2096 Aan.
570 2057 840 2096 recurrendum
866 2069 1012 2097 contra.

320 2124 351 2175 ξ.
375 2127 413 2164 5.
469 2135 662 2177 ponatur.-
693 2135 841 2164 contra.
879 2123 1004 2165 Amb.
1024 2140 1183 2180 quoque
1203 2140 1305 2179 quae
1324 2128 1520 2165 intersunt
1537 2128 1641 2165 inter

207 2189 285 2227 duo
302 2201 470 2242 ponatur
491 2194 651 2231 omittit.
757 2207 872 2246 neque
893 2202 964 2246 tyr.
1010 2191 1134 2232 Amb.
1161 2191 1268 2232 Flor.
1286 2209 1366 2233 nec.

319 2257 351 2308 ξ.
382 2261 422 2296 7.
483 2258 712 2314 confessum.
760 2258 885 2298 Amb.
906 2259 983 2298 hoc
1001 2263 1130 2311 priore
1152 2263 1240 2299 loco
1263 2259 1493 2316 confer-sum,
1529 2261 1638 2299 unde

204 2332 365 2375 apparet
386 2327 494 2377 origo
516 2329 768 2379 correctionis
793 2341 1027 2366 conversum.
1086 2325 1169 2367 Sed
1193 2329 1326 2367 verbb.
1347 2328 1442 2366 ordo
1461 2336 1637 2367 mutatur

200 2392 279 2429 sic:
321 2390 537 2445 confessum
560 2408 614 2430 em
634 2403 796 2446 utraque
818 2404 931 2446 parte
946 2396 1011 2446 jus
1033 2405 1088 2431 est
1110 2404 1177 2433 aut
1197 2394 1363 2433 flubium.

309 2459 342 2510 ξ.
374 2463 413 2497 8.
472 2458 552 2498 Sed
580 2459 642 2498 vel
665 2463 983 2512 potentissimum.
1030 2459 1156 2500 Amb.
1179 2471 1215 2500 et
1233 2460 1334 2499 velut
1352 2463 1633 2515 potentissima,

198 2523 267 2562 sed
286 2533 387 2563 extr.
406 2526 537 2566 littera
555 2529 599 2564 in
617 2528 749 2567 litura.
799 2527 923 2568 Paris.
948 2532 985 2567 1.
1017 2530 1052 2566 si
1071 2527 1173 2566 velut
1201 2531 1519 2582 potentissimum.

309 2592 341 2642 ᾗ.
369 2599 408 2632 9.
461 2603 662 2646 patronus.
710 2593 835 2635 Amb.
864 2601 904 2635 et
930 2593 1038 2636 Flor.
1071 2595 1164 2649 (hic
1184 2611 1206 2635 a
1228 2611 1287 2650 pr.
1311 2593 1393 2652 m.)
1419 2607 1544 2651 pater.
