1695 2974
1506 116 1530 126 »v

306 111 359 149 (αἶ
392 109 553 161 Quintil.
589 108 711 148 ῙΙωΙίΙ.
748 108 780 155 I,
819 123 989 162 prooem.
1033 110 1299 158 §.1332-5.
1514 129 1525 149 A

163 224 265 264 velue
296 223 394 264 Tur.
425 222 550 263 Amb.
584 229 620 263 1.
662 223 782 262 Goth.
827 222 966 274 Cump.
1010 232 1050 262 et
1077 214 1182 261 edd)
1204 231 1296 261 ante
1329 220 1527 274 Chouet.‚

81 308 166 332 cxc.
200 291 311 333 Sich.

194 362 225 414 ᾗ.
262 365 325 401 18.
387 375 621 413 quamquam
661 369 750 398 sunt
788 356 926 411 Camp.
958 356 1084 398 Amb.
1118 362 1155 397 1.
1196 355 1273 413 (in
1303 359 1437 399 collat.
1470 368 1530 399 est

78 426 205 482 sum).
267 425 396 481 [Loci
429 424 605 477 Quintil.
640 441 738 480 quos
772 425 909 479 Spald.
935 425 1257 477 adprobandum
1281 428 1528 476 conjunctivi

79 510 197 534 usum
226 496 386 545 laudat,
434 497 552 533 ambo
582 496 680 533 salso
711 503 805 533 sunt
834 494 1025 533 iudicati:
1062 492 1108 531 hi
1139 507 1222 532 esse
1252 494 1400 532 debent
1428 491 1461 544 Ι,
1487 499 1526 545 3,

80 563 146 601 14.
187 559 264 611 IV,
295 568 336 613 2,
368 562 466 613 52.]

193 631 226 683 ᾧ.
260 634 326 671 19.
362 629 548 687 fortasse
567 646 674 669 nemo
698 630 826 671 adhuc
845 628 971 670 Amb.
997 633 1035 669 1.
1125 628 1179 668 αιῖ
1198 644 1386 670 summam
1407 631 1528 669 etiam

79 694 219 750 Camp.
260 695 359 739 Tur.
422 697 475 738 acl
502 714 655 737 summa
684 697 811 740 Amb.
840 703 877 739 1.
939 697 1079 752 [quod
1109 699 1210 751 quin
1237 698 1358 738 unice
1387 713 1529 737 verum

74 766 126 803 sit
146 766 319 804 dubitari
347 769 510 821 nequit,
550 768 653 804 sicut
677 769 798 819 paulo
828 775 917 820 post
946 765 999 804 ad
1025 781 1174 804 summa
1206 767 1289 804 niti.
1349 764 1449 805 Alia
1466 781 1527 804 res

76 841 134 872 est
163 834 211 872 de
243 850 392 872 summa
423 836 520 886 reip.
563 842 602 872 et
630 850 778 873 summa
805 850 884 888 rep.
928 834 1035 887 apud
1068 832 1306 874 Ciceronem
1333 835 1378 873 in
1407 836 1525 875 Catil.

72 896 107 950 Ῑ,
141 904 178 948 6,
211 902 263 940 14
294 903 363 940 ubi
392 902 443 941 cf.
475 916 574 956 quos
601 899 778 941 Beckius
814 900 1041 952 laudavit]

189 970 225 1018 §.
257 974 326 1010 20.
388 984 507 1023 neque
538 968 591 1007 ad
620 968 661 1007 id
687 968 800 1009 Sich.
882 969 935 1008 ‹sz
955 985 1144 1009 summam
1163 966 1274 1010 Sich.
1301 973 1422 1010 solus.
1476 969 1530 1009 acl

73 1051 264 1075 summum
289 1036 414 1077 Paris.
450 1042 488 1076 1.

189 1105 224 1155 §.
255 1109 323 1145 21.
383 1107 501 1142 venia
542 1107 617 1142 erit
660 1105 750 1144 edd.
777 1107 885 1145 'ante
927 1105 1040 1146 Sich.
1072 1121 1153 1147 aco.
1199 1103 1356 1160 Gryph.
1394 1104 1526 1147 Colin.

75 1170 200 1213 Goth.
259 1170 425 1226 Reliqui
455 1174 529 1211 erit
555 1176 691 1225 vcnia7·
729 1183 820 1214 cett.
861 1176 977 1214 codd.
1009 1190 1094 1213 neu
1122 1183 1409 1214 memorantur.

76 1240 291 1279 rhetorices
325 1238 447 1279 Amb.
481 1244 517 1278 1.
556 1239 663 1280 Flor.
697 1239 791 1295 (hic
822 1257 845 1281 a
874 1258 928 1282 m.
960 1240 1067 1295 sec.)

189 1310 219 1360 ξ.
252 1313 320 1347 22,
391 1323 481 1344 nam
518 1306 609 1345 lzuic
647 1318 683 1345 et
719 1308 872 1348 habent
920 1313 1043 1348 etiam
1092 1307 1190 1348 Tur.
1231 1308 1339 1349 Flor.
1384 1306 1524 1362 Camp.

71 1375 197 1416 Paris.
233 1380 270 1414 1.
291 1381 331 1415 2.
371 1376 534 1413 fortasse
565 1372 693 1414 Amb.
728 1381 792 1427 1.;
832 1391 917 1415 non
950 1379 1059 1415 enim
1086 1384 1272 1415 notatum
1303 1385 1373 1427 est,
1415 1377 1526 1416 hunc

72 1447 122 1484 ab
143 1443 360 1485 'Obrecht
403 1443 637 1495 discrepare.
755 1444 967 1498 infirmitas
997 1441 1142 1482 valebit
1177 1447 1288 1485 Flor.
1402 1444 1529 1483 disse-

74 1529 199 1552 remus
234 1514 354 1550 etiam
383 1509 519 1550 Turio.
549 1509 657 1550 Flor.
688 1508 812 1552 Amb.
840 1515 877 1551 1.
910 1510 1051 1564 Camp.
1085 1510 1176 1552 Par.
1204 1516 1241 1552 1.
1267 1518 1305 1553 2.
1337 1511 1523 1566 (auctore

71 1581 264 1621 Pottierio
294 1582 338 1617 in
371 1581 682 1630 commentario,
722 1581 765 1617 iu
797 1579 972 1620 edit10ne
1003 1580 1111 1620 idem
1126 1575 1329 1620 Parisinos
1360 1596 1523 1621 omnes

70 1647 206 1701 dicit.)
1313 1679 1317 1682 .

185 1719 216 1770 ᾗ.
250 1719 317 1756 23.
379 1713 544 1754 docendi
574 1719 694 1755 etiam
725 1715 866 1769 Camp.
900 1714 1028 1756 Amb.
1062 1721 1100 1756 1.
1139 1714 1247 1757 Flor.
1286 1715 1378 1757 Par.
1412 1720 1450 1757 1.
1479 1721 1520 1756 2.

69 1801 153 1825 non
181 1798 349 1823 memor.
382 1781 518 1822 Turio.
582 1784 678 1838 [Ac
708 1785 868 1825 videtur
894 1785 937 1824 h.
960 1787 990 1825 l.
1013 1787 1217 1827 verissima
1247 1799 1329 1824 esse
1360 1783 1526 1824 docendi

71 1855 197 1903 ratio,
232 1868 336 1907 quae
365 1855 543 1904 magistri
573 1862 653 1902 est,
695 1868 789 1892 cum
821 1852 980 1895 dicendi
1007 1856 1109 1894 ratio
1132 1853 1184 1892 ad
1206 1861 1405 1892 oratorem
1427 1867 1522 1906 per-

70 1918 250 1969 tineat]
357 1919 451 1959 solis
481 1936 567 1980 om.¹
593 1919 748 1961 Almel.
781 1920 880 1961 Tur.
911 1920 1019 1961 Flor.
1054 1923 1147 1968 (cuj
1168 1921 1312 1972 adjecit
1332 1923 1412 1960 alia
1430 1934 1522 1959 ma-

68 1988 179 2039 nus)
208 1985 327 2027 Voss.
356 1993 396 2029 2.
427 1986 550 2030 Goth.
585 1987 724 2043 Camp.
757 1988 867 2029 Jens.
900 1987 1001 2029 Loc.
1032 1987 1137 2031 Bad.
1254 1990 1354 2028 artis
1386 2003 1522 2028 nomen

69 2056 176 2096 Flor.

183 2124 219 2174 ξ.
252 2123 320 2163 24.
381 2123 588 2178 affictione
616 2124 741 2166 Goth.
776 2121 911 2165 Guelf.
930 2123 1039 2164 Jens.
1063 2122 1184 2164 Tarv.
1204 2122 1314 2164 Ven.
1335 2122 1454 2164 Voss.
1479 2128 1518 2164 3.

183 2191 218 2242 §.
250 2193 319 2230 25.
365 2193 482 2230 sicuti
507 2191 632 2236 Amb.
657 2198 694 2232 1.
782 2190 1046 2231 instruendum
1065 2190 1184 2231 Voss.
1207 2197 1245 2232 2.
1361 2190 1521 2232 demon-

68 2261 235 2299 stratur-i
269 2256 426 2299 Almel.
460 2258 569 2300 Flor.
601 2258 729 2299 Amb.
764 2264 802 2298 1.
858 2256 973 2298 Idem
1011 2259 1106 2297 dare
1143 2261 1273 2299 voluit
1301 2258 1429 2311 Tur.;
1476 2262 1521 2298 in

69 2343 117 2367 eo
148 2330 259 2366 euim
288 2335 346 2366 est
377 2325 637 2367 demonstrari
664 2325 812 2382 (supra
842 2342 941 2367 corr.
971 2324 1315 2383 demonstrando).
1359 2326 1519 2367 demon-

66 2405 237 2434 strantes
273 2393 392 2436 Voss.
425 2400 465 2436 2.
498 2400 536 2435 3.
649 2410 928 2449 persequamur
969 2392 1142 2434 Chouet.
1183 2393 1339 2450 Gryph.
1372 2393 1516 2449 Steph.

66 2462 173 2503 Flor.
204 2461 344 2503 Paris.
390 2467 427 2503 1.
472 2469 512 2504 2.
590 2479 747 2518 proseq.
789 2471 882 2502 cett.
929 2462 1019 2502 edd.
1063 2459 1188 2502 Goth.
1212 2452 1214 2461 Ι
1240 2461 1376 2504 Guelf.
1415 2463 1516 2503 Tur.

65 2529 194 2571 Amb.
226 2535 264 2573 1.
303 2534 495 2583 silentur,
545 2534 704 2586 itaque,
753 2533 787 2578 si
825 2529 921 2570 fides
960 2528 1148 2569 habenda
1179 2532 1216 2569 ei
1245 2534 1318 2586 qui
1347 2533 1519 2572 contum

66 2601 200 2650 libros,
230 2597 355 2640 Amb.
381 2605 418 2640 1.
452 2614 602 2654 pet-seq.
633 2599 782 2639 habere
812 2598 1032 2638 censendus
1064 2606 1134 2638 est.
1196 2596 1345 2640 Confer
1367 2599 1418 2639 ad
1441 2596 1516 2648 IV,
