1721 2974
160 173 239 209 282
613 169 880 224 Supplemcnia
909 172 1169 210 annotationis

268 285 304 333 §.
336 287 403 324 38.
457 284 666 323 nationum.
711 280 846 321 Turio.
870 279 1002 325 Guelf.
1030 281 1155 343 Amb.
1174 290 1214 324 2.
1247 282 1371 326 Goth.
1404 301 1426 327 a
1447 302 1506 340 pr.
1529 303 1583 327 m.

157 352 361 391 rationum.
443 359 735 405 prosequuntur.
778 346 917 403 Camp.
936 366 1085 406 per-seq.
1169 352 1274 405 quod
1291 352 1406 408 prud.
1446 353 1582 408 Camp.

155 419 224 471 qui
246 417 361 472 prud.
467 434 562 457 cam.
611 414 744 457 Guelf.
774 432 944 458 causam.
1050 420 1209 459 numine.
1253 418 1357 461 Flor.
1387 435 1409 460 a
1432 436 1508 461 sec.
1527 436 1583 462 m.

153 482 275 525 Amb.
295 491 335 526 2.
362 484 452 525 I‘ar.
478 489 513 524 1.
535 486 654 523 etiam
675 486 816 523 animo.
1443 516 1445 519 .

266 554 302 604 §.
335 557 402 594 39.
457 555 685 605 sapientum.
733 548 840 590 Flor.
873 547 1007 591 Guelf.
1041 550 1164 596 Amb.
1195 558 1236 593 2.
1265 554 1503 608 sapientium.

152 622 340 675 veneficii.
387 617 509 660 Amb.
529 624 568 658 2.
596 619 767 672 venefici.
860 617 970 657 (licat
993 617 1181 662 adultera.
1228 618 1352 661 Amb.
1383 626 1422 661 1.
1457 621 1587 661 dicam

152 688 390 735 adulteram,
430 688 586 727 secsm.
619 688 733 726 inser.
762 687 813 726 in.
861 685 967 729 Flor.
988 686 1095 727 dicat
1117 690 1158 727 in
1177 686 1418 740 adulteram,
1458 692 1587 744 prima

150 771 292 796 manus
318 756 464 795 omittit
492 768 568 793 non
583 752 650 794 M.
744 753 944 794 damnata.
992 752 1114 796 Amb.
1140 760 1176 800 1.
1201 755 1433 797 damnanda.
1526 759 1586 796 vi-

150 824 297 862 deatur.
347 819 466 862 Goth.
492 819 618 861 Amb.
641 826 680 861 2.
702 820 866 861 videtur.
961 821 1117 862 nullam.
1170 820 1288 864 Goth.
1312 823 1433 864 nulla.
1525 840 1585 862 re-

135 890 285 948 firtae.
340 885 474 930 Guelf.
497 887 642 944 referii.
689 887 798 929 Jens.
822 888 942 929 Tarv.
966 890 1142 946 refictae,
1250 890 1353 932 libri.
1403 893 1523 932 Amb.
1543 897 1583 931 2.

149 958 272 998 liberi.
352 955 450 1011 phil.
470 958 537 1010 qui
556 971 785 1011 quanquam.
832 955 939 998 Flor.
965 971 988 997 a
1007 972 1066 1011 pr.
1087 973 1140 998 m.
1174 960 1320 999 omittit
1337 961 1411 1014 qui.
1494 958 1585 1013 pln-

149 1028 271 1066 rimis.
323 1022 445 1067 Goth.
469 1022 607 1076 Camp.
623 1022 812 1077 plur-ihu&

260 1095 297 1146 §0
326 1093 396 1132 40.
453 1090 679 1143 Ima-garons.
726 1090 849 1131 Amb.
875 1096 912 1132 1.
938 1096 978 1132 2.
1007 1089 1113 1131 Flur.
1142 1094 1241 1131 item
1267 1095 1473 1145 megarius.

145 1160 356 1200 Salamine.
419 1155 541 1199 Goth.
575 1157 711 1212 Camp.
740 1158 956 1198 Salamina.
1069 1159 1347 1201 contenderent.
1391 1158 1518 1199 Amb.
1543 1166 1583 1200 1.

145 1228 252 1269 Flor.
279 1226 412 1268 Guelf.
439 1225 562 1267 Bern.
584 1225 701 1266 Voss.
725 1231 761 1267 3.
787 1226 1039 1267 contenderet.
1150 1229 1286 1268 victos.
1333 1225 1438 1268 Flor.
1465 1242 1487 1268 a
1505 1243 1583 1268 sec.

143 1311 202 1336 m.
225 1294 359 1336 Guelf.
381 1293 504 1333 Amb.
529 1299 569 1334 2.
599 1295 701 1334 Jens.
723 1297 860 1333 victus.
956 1310 1081 1345 ver-⁸³9
1129 1293 1265 1336 Turic.
1285 1310 1426 1336 versus.
1523 1312 1584 1333 rc-

143 1366 305 1418 peritur.
354 1360 475 1403 Amb.
505 1366 541 1402 1.
571 1376 593 1400 a
620 1377 698 1401 sec.
733 1374 789 1402 m.
823 1363 1073 1416 repet-inmun.
1119 1361 1245 1404 Amb.
1270 1368 1308 1403 2.
1333 1365 1527 1418 repetitur.

258 1432 294 1483 ξ.
325 1431 391 1469 41.
451 1428 564 1484 quale
589 1453 646 1460 —-
672 1432 801 1470 amici.
855 1427 976 1471 Amb.
1007 1435 1045 1470 1.
1073 1446 1107 1472 u.
1134 1446 1161 1468 e.
1186 1446 1222 1484 q.
1254 1445 1318 1481 a.‚
1368 1445 1391 1470 a
1419 1445 1496 1470 sec.
1524 1444 1580 1469 m.

146 1498 319 1553 aequale.
372 1496 508 1537 Turio.
531 1497 705 1535 eundem
731 1497 935 1547 ordinem,
975 1512 1096 1555 quem
1116 1495 1243 1536 Amb.
1270 1501 1306 1536 1.
1329 1497 1470 1548 habet,
1506 1499 1584 1535 nisi

145 1567 253 1622 quod
272 1564 425 1620 equale,
467 1566 533 1603 cui
557 1565 752 1603 accedunt
771 1563 876 1605 Flor.
904 1563 1043 1618 Camp.
1157 1563 1237 1602 Ubi
1255 1588 1310 1594 —
1331 1580 1429 1619 opes.
1481 1563 1581 1605 Obr.

144 1634 201 1673 ibi
228 1650 305 1673 am.
334 1633 402 1671 ubi
428 1648 489 1686 op.
599 1633 783 1670 maxime.
831 1630 901 1672 Sic
919 1635 1040 1671 etiam
1063 1629 1188 1671 Amb.
1210 1635 1248 1671 1.
1271 1629 1378 1671 Flor.
1403 1629 1523 1671 Amb.
1541 1637 1580 1672 2.

144 1700 235 1742 Par.
260 1705 297 1740 1.
318 1706 356 1740 2.
377 1705 414 1740 3.
1355 1694 1357 1696 ¹

258 1772 294 1821 ξ..
320 1769 386 1807 42.
445 1777 478 1805 et
502 1765 686 1820 cquiclem.
728 1763 862 1806 Guelf.
883 1764 1069 1820 equidem.
1155 1775 1209 1803 cst
1230 1780 1284 1803 εει·
1308 1781 1403 1818 resp.
1444 1762 1580 1806 Guelf.

145 1836 285 1889 Camp.
307 1837 494 1874 omittunt
513 1849 581 1872 ccr-
666 1832 717 1871 Id
735 1855 792 1864 -—·
807 1844 947 1875 tamen.
990 1831 1110 1875 Amb.
1127 1837 1163 1872 1.
1185 1830 1292 1871 Flor.
1312 1833 1453 1871 itidem
1471 1832 1582 1870 idea-

145 1920 231 1943 rum
258 1913 313 1941 est
343 1917 418 1940 non
447 1904 528 1940 sinc
546 1918 616 1939 usu
636 1911 773 1941 tamen.
824 1899 950 1941 Amb.
973 1907 1010 1941 2.
1032 1917 1110 1941 om.
1141 1900 1192 1940 Icl
1212 1917 1343 1939 rarum
1365 1911 1431 1938 cst.
1536 1897 1583 1937 de

144 1987 276 2026 arusp.
308 1986 405 2024 resp.
458 1966 592 2009 Guelf.
626 1982 705 2008 om.
738 1967 796 2008 cle.
848 1967 987 2022 Camp.
1021 1983 1120 2023 resp.
1141 1985 1269 2022 arusp.
1382 1969 1583 2006 concione.

144 2038 284 2092 Camp.
316 2039 562 2077 contentione.
675 2052 761 2075 cum
783 2059 838 2066 —-
869 2034 909 2076 C'.
968 2035 1074 2076 Flor.
1108 2038 1256 2076 omittit
1286 2050 1467 2083 causam,
1511 2034 1580 2073 sed

142 2122 221 2147 sec.
248 2120 389 2144 manus
422 2106 559 2144 inserit
582 2112 670 2158 post
697 2102 906 2143 melionm.
953 2102 1076 2145 Amb.
1098 2108 1136 2144 1.
1170 2120 1255 2143 cum
1287 2102 1330 2143 C.
1363 2100 1578 2149 Caesarem,

142 2174 214 2215 sed
231 2190 287 2212 em
308 2173 448 2223 adjecit
466 2187 542 2211 seo.
561 2186 617 2211 m.
722 2170 795 2210 hoc
822 2170 895 2209 Dii
916 2166 1001 2225 jucl.
1051 2169 1188 2211 Turic.
1211 2169 1318 2210 Flor.
1342 2168 1415 2208 hoc
1436 2166 1582 2220 dijudi-

145 2242 334 2282 caverint.
385 2237 520 2280 Guelf.
540 2238 658 2278 Voss,
680 2243 717 2278 1.
748 2237 823 2278 hoc
850 2234 1174 2291 dijudicaverunt.
1226 2236 1364 2290 Camp.
1387 2235 1460 2274 hoc
1481 2233 1538 2272 dii
1554 2250 1580 2274 α

140 2308 422 2364 judicaverunt.
468 2305 593 2346 Amb.
615 2312 655 2346 2,
683 2305 757 2345 Ιιοο
776 2306 834 2344 Di
846 2303 932 2359 jucl.
971 2305 1078 2345 Jens.
1097 2314 1135 2345 et
1157 2305 1246 2344 edd.
1271 2313 1361 2344 aute
1380 2301 1478 2342 Ald.
1500 2301 1574 2339 Dii

144 2377 232 2417 hoc.
251 2375 333 2427 jud.
412 2376 577 2428 propria
599 2389 738 2413 causae
756 2383 855 2414 suni.
892 2370 1027 2412 Turio.
1037 2375 1177 2427 priora
1189 2381 1289 2412 suni,
1375 2385 1579 2408 arcessun-

144 2455 217 2482 mr.
265 2442 370 2483 Flor.
397 2451 651 2481 accesserunt.
710 2436 829 2480 Goth.
861 2436 1000 2493 Camp.
1033 2439 1141 2480 Jens.
1163 2448 1201 2478 et
1223 2437 1312 2477 edd.
1336 2445 1426 2476 eme
1451 2433 1577 2486 Gibs„

146 2525 230 2549 exc.
251 2509 376 2561 sich„
411 2518 674 2548 accersuntur.

260 2579 291 2628 ᾗ.
323 2578 387 2616 43.
447 2577 638 2627 contingit
664 2573 825 2628 judicis,
878 2572 1000 2614 Amb.
1035 2579 1068 2614 1.
1096 2574 1256 2626 contigit
1299 2569 1392 2625 (sed
1416 2585 1491 2610 sec.
1520 2583 1577 2609 m.

150 2645 415 2698 superscripsit
436 2642 486 2697 n)
518 2653 555 2682 ut
571 2641 742 2696 judices,
780 2656 873 2682 cum
892 2640 994 2681 Flor.
1025 2656 1048 2681 a
1079 2657 1138 2696 pr.
1170 2655 1250 2693 m.‚
1291 2641 1367 2679 nisi
1387 2637 1494 2693 quod
1511 2636 1578 2676 hic
