1721 2974
171 155 254 194 214
617 153 892 209 Supplemenia
930 153 1194 191 annotationis

171 285 192 320 cg
234 277 340 317 cetu,
384 267 508 320 [quod
535 268 693 306 volebat
722 263 1006 316 Spaldingius,
1044 273 1177 314 recte,
1215 279 1312 303 nam
1342 264 1620 316 Quintilianus

169 349 252 373 non
291 337 495 386 conjungit
536 348 629 372 cum
656 334 726 370 illo
763 333 906 382 verbo,
945 333 1024 369 nisi
1052 330 1302 371 Ablativum.
1362 331 1622 387 Quamquam

171 401 334 449 Cicero,
379 404 487 452 cujus
518 401 751 451 exemplum
782 395 1063 447 Quintilianus
1093 399 1204 438 haud
1234 401 1355 439 dubie
1385 411 1621 451 veneratur,

171 470 322 509 duobus
353 473 449 509 locis
481 467 637 521 implere
665 480 757 504 cum
778 464 966 505 Genitivo
996 469 1123 519 ponit,
1156 470 1292 517 altero,
1323 469 1373 507 de
1403 483 1483 522 quo
1504 482 1624 507 nemo

170 538 351 576 dubitare
381 544 528 590 potest,
573 534 624 572 ad
651 531 764 572 Fam.
791 531 873 584 IX,
917 538 986 584 18,
1027 537 1150 574 altero
1192 539 1262 589 qui
1291 538 1415 575 aliam
1444 538 1626 588 explica-

171 607 324 645 tionem
353 604 526 643 admittit
555 616 686 654 neque
715 609 853 640 tamen
882 603 1081 653 postulat,
1110 605 1156 641 iu
1185 601 1305 642 Verr.
1336 600 1373 654 I,
1403 604 1489 655 46.]

283 675 318 722 §.
350 675 444 711 111.
500 678 640 722 putant
659 692 716 698 —
738 668 960 723 cffctibuS.
1022 667 1092 708 Sic
1123 672 1246 709 etiam
1276 669 1386 710 Flor.
1424 670 1552 711 Amb.
1583 676 1623 711 2.

168 738 258 781 Par.
279 746 318 780 2.
342 744 382 778 3.
407 744 446 778 5.
562 738 629 790 qui
655 737 692 773 si
722 735 809 775 hoc.
866 734 998 776 Guelf.
1026 736 1146 777 Voss.
1171 743 1213 778 2.
1251 754 1325 792 quo
1354 740 1391 776 si
1420 739 1508 779 hoc.

168 823 287 860 neque
325 816 379 844 ui.
440 803 508 844 Sic
538 806 659 843 etiam
701 801 827 844 Amb.
855 809 893 844 1.
931 820 1024 844 cum
1053 805 1164 845 sich.
1292 805 1361 860 effi
1390 817 1478 845 sunt
1511 807 1623 846 enim.

170 872 293 914 Goth.
334 873 401 927 eff]
435 876 537 911 enim
567 882 668 911 sunt.
726 870 830 912 Edd.
862 887 884 910 a
917 871 1027 912 Jens.
1062 875 1113 912 ad
1139 871 1270 914 Colin.
1309 885 1397 912 sunt
1427 877 1527 913 enim
1560 877 1624 930 ‘ff

281 956 352 979 cur
387 957 472 992 ego.
529 939 637 979 Flor.
669 953 690 977 a
722 955 781 991 pr.
812 955 867 979 m.
909 957 980 979 cur·
1010 958 1115 993 ergo.
1236 941 1328 980 dnm
1360 957 1458 981 eum.
1515 942 1623 983 Flor.

169 1022 327 1062 quoque
357 1007 448 1046 dum
478 1024 572 1060 ego,
614 1015 652 1045 et
679 1005 770 1045 Par.
805 1011 842 1046 1.
886 1023 978 1046 cum
1006 1007 1120 1048 Vall.
1173 1024 1260 1048 cum
1286 1024 1369 1061 ego.
1425 1008 1550 1050 Aan.
1585 1017 1623 1051 1.

167 1078 318 1116 siletur.
445 1090 611 1114 movere.
680 1072 748 1113 Sic
787 1077 909 1114 etiam
947 1074 1056 1115 Flor.
1107 1074 1474 1116 Ambrosianorlun
1509 1080 1626 1117 nulla

168 1145 216 1183 fit
241 1145 409 1183 memio.

282 1211 320 1261 §.
353 1215 447 1250 112.
516 1208 613 1256 Cur,
646 1208 760 1263 quod.
824 1208 962 1262 Camp.
992 1209 1116 1251 Bern.
1160 1209 1257 1265 quid
1287 1210 1402 1265 quod.
1518 1228 1627 1251 sum-

165 1293 233 1317 ma
260 1289 384 1331 parte.
441 1277 567 1318 Amb.
593 1284 632 1320 2.
662 1278 781 1318 Voss.
815 1282 852 1315 1.
887 1283 925 1317 3.
957 1281 1086 1317 omitt.
1125 1289 1253 1332 parte.
1377 1295 1463 1318 cum
1492 1297 1625 1334 praes.

169 1343 304 1385 Guelf.
335 1362 409 1385 cur
430 1362 562 1399 praes.
664 1345 877 1401 faciliore.
926 1343 1052 1384 Aan.
1080 1350 1117 1385 1.
1141 1345 1384 1401 faciliorem.
1495 1350 1624 1388 animo

169 1415 250 1465 ejus
280 1413 472 1452 abusurus
504 1423 706 1466 occupato.
760 1411 887 1452 Amb.
919 1417 957 1451 1.
999 1415 1171 1452 animum
1199 1430 1234 1452 e.
1271 1413 1475 1452 habiturus
1506 1430 1627 1454 occu-

166 1490 318 1534 patum.
378 1479 514 1520 Turio.
545 1483 715 1520 animum
746 1497 776 1519 e.
806 1491 847 1519 at
879 1480 1049 1518 ambitur
1080 1491 1324 1534 occupatum.
1380 1480 1494 1521 Alm.
1522 1498 1628 1537 quo-

168 1561 246 1601 que
275 1549 343 1586 dat
368 1550 559 1596 animum,
589 1551 633 1586 in
663 1563 744 1602 quo
772 1556 812 1587 et
831 1557 994 1587 notatur
1023 1551 1121 1587 alios
1150 1563 1222 1600 pro
1263 1548 1454 1586 abusurus
1491 1551 1623 1603 legere

169 1614 301 1654 abitur
328 1624 369 1653 et
395 1630 494 1654 mox
522 1627 767 1669 occupatum.
884 1617 1014 1654 animo
1044 1619 1138 1668 ejus.
1189 1614 1326 1655 Guelf.
1358 1618 1487 1655 animo
1518 1628 1567 1656 et.

281 1682 318 1732 ξ.
360 1687 455 1721 113.
516 1685 632 1721 civis.
701 1680 841 1721 Turio.
882 1685 1003 1734 cujus.
1151 1683 1365 1722 verberum.
1423 1682 1549 1723 Aan.
1581 1691 1623 1725 2.

169 1757 211 1788 et
237 1751 320 1802 ipse
349 1749 568 1789 verborum.
676 1765 717 1787 se
738 1747 858 1788 Rom.
888 1765 982 1788 esse.
1018 1748 1159 1788 'Aan.
1183 1754 1220 1788 1.
1251 1747 1368 1789 Rom.
1400 1766 1480 1788 esse
1510 1768 1563 1791 se.

282 1817 320 1868 §.
354 1818 448 1856 1141.
508 1833 584 1856 non
614 1826 709 1855 tam.
768 1813 908 1857 Turio.
950 1826 1096 1855 notam.
1199 1817 1359 1870 flentcs.
1418 1816 1546 1858 Amb.
1584 1823 1622 1859 1.

169 1882 307 1936 Camp.
334 1886 488 1938 flentis.
603 1883 768 1924 invidia.
825 1883 937 1923 Sich.
968 1883 1175 1923 invidiam.
1292 1882 1365 1922 ulli
1394 1883 1493 1937 epil.
1544 1884 1625 1926 Co·-

168 1953 242 1992 lin.
283 1951 347 1991 illi
383 1951 472 2006 epil.

284 2020 322 2070 ξ.
354 2024 447 2060 115.
506 2021 635 2071 magis
667 2018 757 2059 hab.
793 2021 883 2057 mis.
950 2018 1040 2058 Hoc
1080 2018 1221 2057 ordine
1259 2019 1383 2057 etiam
1424 2017 1553 2059 Amb.
1588 2025 1624 2060 1.

171 2096 265 2126 cum
292 2087 401 2127 [lor.
518 2086 728 2126 advocare.
785 2085 894 2125 Flor.
924 2088 1046 2125 etiam
1084 2085 1289 2125 advocari.
1411 2087 1460 2124 iis
1497 2087 1623 2127 rebus.

169 2152 313 2195 Turic-
352 2157 386 2193 is
414 2171 447 2195 r.
508 2153 637 2194 Amb.
670 2159 708 2193 1.
747 2150 882 2193 Guelf.
923 2150 1048 2193 Goth.
1089 2151 1228 2205 Camp.
1268 2161 1308 2191 et
1338 2161 1490 2192 ceterae
1530 2155 1621 2194 edd.

170 2231 263 2261 ante
294 2221 424 2262 Stoer.
465 2220 526 2260 his
559 2238 592 2262 r.
709 2221 911 2276 affectum.
965 2219 1104 2260 Turio.
1135 2219 1350 2275 adfectum.
1464 2222 1507 2258 in
1531 2238 1625 2274 per-

170 2292 360 2329 oratione.
419 2288 554 2329 Turic.
588 2294 631 2329 in
657 2291 946 2344 perorationem
975 2302 1068 2327 cum
1096 2285 1237 2334 Ahn„
1269 2285 1409 2339 Camp.
1452 2289 1625 2342 impera-

170 2367 305 2396 torem.
419 2361 660 2397 narraveris.
722 2355 851 2396 Aan.
883 2361 924 2395 2.
965 2354 1057 2396 Par.
1090 2359 1127 2393 1.
1146 2359 1188 2394 2.
1209 2358 1248 2393 3.
1283 2356 1405 2392 etiam
1434 2371 1625 2393 narrave-

172 2427 236 2463 rit.
297 2423 425 2464 Aan.
454 2429 491 2464 1.
529 2428 681 2465 siletur.
797 2425 984 2462 assuevit.
1045 2420 1182 2460 Tusic.
1214 2435 1238 2459 a
1263 2435 1322 2473 pr.
1351 2436 1408 2460 m.
1447 2421 1621 2471 adsevit,

173 2506 197 2531 a
225 2508 302 2531 sec.
332 2507 395 2531 m..
428 2491 621 2539 adsentit,
654 2507 748 2531 cum
778 2490 897 2531 Bodl.
940 2490 1074 2530 Andr.
1105 2488 1243 2542 Camp.
1354 2491 1514 2542 jamque
1541 2505 1620 2527 eas.

172 2556 313 2611 Camp.
348 2561 508 2612 jamque
544 2558 649 2598 illas.
769 2575 805 2598 c.
840 2560 962 2598 novis.
1022 2556 1149 2597 Amb.
1178 2561 1215 2596 1.
1254 2556 1345 2596 Par.
1382 2561 1419 2595 1.
1461 2570 1621 2610 quoque

173 2640 207 2664 c.
254 2626 375 2665 nobis.
435 2626 559 2665 Amb.
592 2633 632 2667 2.
672 2628 731 2665 bis
771 2628 881 2665 novis
921 2624 1102 2664 exhibet.
1221 2634 1278 2661 est
1310 2623 1420 2662 nobis
1455 2633 1618 2661 mutare.
