1721 2974
99 209 179 247 176
534 201 807 259 Supplementa
836 203 1100 241 annotaiionis

98 318 208 359 Flor.
229 332 252 358 a
272 333 331 371 pr.
351 331 408 358 m.
430 315 538 357 Alm.
595 333 633 357 n.
657 332 707 354 an
725 316 840 353 ctiam
862 316 897 353 ei
923 312 1050 354 Amb.
1067 319 1104 355 1.
1136 313 1244 354 Flor.
1265 329 1288 354 a
1305 330 1379 355 sec.
1399 330 1457 357 m.
1509 330 1549 359 n.

98 404 152 426 an
173 397 207 425 et
226 388 262 424 ei
293 383 388 425 Ald.
421 386 532 425 Sich.
632 382 799 422 videtur.
850 382 1032 421 videatur
1059 380 1183 422 Amb.
1200 387 1238 422 1.
1334 386 1471 436 pravis
1485 386 1553 437 ju-

99 454 263 494 dicibus.
320 468 467 507 pravus
496 452 587 493 Par.
608 455 648 490 3.
703 466 852 504 parvus
879 449 989 490 Flor.
1014 465 1036 488 a
1055 466 1132 490 sec.
1153 465 1210 489 m.
1238 446 1361 488 Amb.
1391 454 1429 488 1.
1459 449 1553 491 Par.

100 527 140 562 1.
198 523 335 576 pravis
361 520 470 560 Flor.
502 534 523 558 a
553 534 614 572 pr.
646 532 703 558 m.
735 517 861 557 Amb.
885 523 926 558 2.
956 517 1049 558 Par.
1080 524 1120 558 2.
1150 518 1191 557 4.
1220 522 1285 567 5.,
1316 518 1386 570 qui
1415 531 1555 557 omnes

98 592 288 630 omittunt
311 588 526 643 judicibus·
638 602 712 640 pro
734 586 811 625 his.
866 603 940 640 pro
965 589 1018 625 iis
1047 585 1186 625 Turio.
1217 583 1344 624 Aan.
1358 589 1400 624 2.
1429 581 1554 625 Goth.

101 667 140 698 et
169 658 259 696 edd.
292 665 382 695 ante
413 654 549 705 Sia-h„
585 669 673 693 exc.
705 651 845 706 Camp.
958 663 1112 706 gerant.
1169 661 1312 706 gerunt
1339 653 1384 689 in
1414 650 1572 694 Turic-v

100 734 158 766 est
185 734 343 764 tamum
371 738 393 761 a
424 738 501 762 sec.
532 736 613 773 m.3
645 730 803 774 recepfa
833 730 890 761 est
916 723 960 759 iu
990 719 1116 760 Aan.
1148 725 1186 760 1.
1304 737 1432 758 rerum
1463 737 1558 759 sua-

100 809 198 832 rum.
257 791 367 829 Haec
400 798 668 842 'transponunt
705 788 842 830 Turio.
885 788 989 842 (nisi
1028 787 1137 842 quod.
1175 788 1244 828 hio
1283 804 1416 827 earum
1438 786 1556 843 Ιναν.)

98 861 208 901 Flor.
240 858 375 899 Guelf.
405 857 545 910 Camp.
913 905 918 908 ι

215 940 249 990 §.
284 942 350 977 19.
410 936 614 991 Sepiimio.
673 935 901 990 Septimino.
932 934 1071 975 Turio.
1101 933 1211 974 Flor.
1246 931 1373 974 Amb.
1400 937 1438 973 1.
1460 939 1501 973 2.

99 1010 286 1063 septimno
330 1003 454 1045 Goth.
582 1006 709 1058 ipsam
750 1020 924 1044 causam.
992 1005 1118 1056 ipsam
1157 1018 1241 1041 eam
1286 1003 1408 1040 etiam
1445 1000 1557 1042 Flor.

100 1076 226 1117 Amb.
253 1079 290 1113 1.
317 1080 357 1114 2.
416 1070 533 1112 Idem
561 1073 720 1112 videtur
755 1087 836 1110 esse
864 1074 908 1109 in
937 1070 1027 1110 Par.
1052 1075 1090 1109 1.
1119 1075 1159 1110 2.
1192 1073 1230 1108 3.
1256 1069 1319 1120 4.,
1361 1084 1381 1107 e
1414 1071 1558 1122 quibus

99 1146 178 1184 hoc
217 1151 376 1181 tantum
414 1149 576 1179 notatur
585 1171 597 1190 ,
651 1142 781 1179 emisti
823 1141 871 1178 ab
916 1141 964 1177 iis
1009 1154 1115 1187 eam,
1163 1137 1271 1191 quod
1316 1138 1362 1174 in
1397 1137 1560 1187 vulgata

98 1214 271 1252 lectione
305 1218 395 1248 ante
425 1211 551 1263 ipsam
585 1210 822 1260 ponebatur.
939 1208 1042 1245 raiio
1085 1216 1153 1244 esi.
1213 1203 1386 1243 Advers.
1446 1202 1560 1242 Haeo

101 1283 229 1320 omitt.
262 1280 384 1318 etiam
408 1274 518 1315 Flor.
549 1273 676 1314 Aan.
699 1281 740 1315 2.
790 1272 840 1313 In
869 1272 996 1313 Aan.
1019 1278 1057 1313 1.
1089 1274 1249 1313 videtur
1277 1286 1359 1310 esse
1387 1280 1560 1323 recepta.

213 1358 250 1409 §.
284 1362 353 1396 20.
411 1357 447 1394 si
489 1371 607 1409 quarm
636 1355 859 1408 praecipuc-
915 1369 979 1407 pr.
1015 1369 1048 1393 s,
1087 1369 1124 1407 q.
1166 1350 1295 1392 Aan.
1331 1356 1395 1403 1.,
1438 1355 1558 1391 male.

214 1424 352 1464 bontra
370 1439 410 1462 se
429 1421 634 1476 disposita.
696 1420 734 1460 d.
759 1437 794 1460 C.
818 1436 857 1458 se
887 1418 1026 1460 Turio.
1055 1419 1166 1460 Flor.
1194 1419 1322 1460 Aan.
1347 1424 1386 1460 1.
1419 1417 1558 1459 Guelf.

103 1494 243 1546 Calnp.
277 1501 315 1531 et
345 1499 511 1544 posterr.
536 1498 626 1528 ante
660 1487 817 1542 Gryph.
930 1498 1129 1542 putarent.
1191 1486 1260 1528 Sic
1288 1487 1399 1527 Flor.
1431 1485 1559 1528 Aan.

104 1568 143 1603 1.
172 1567 212 1602 2.
252 1559 344 1600 Par.
373 1563 410 1598 1.
438 1562 476 1597 3.
503 1560 543 1598 5.
599 1567 831 1611 putarentur
859 1565 917 1596 est
943 1559 987 1594 in
1016 1555 1107 1596 Par.
1129 1561 1171 1596 2.

217 1640 255 1690 §.
288 1643 356 1678 21.
415 1635 552 1675 modus
584 1635 698 1674 alter.
759 1652 796 1675 α.
823 1652 876 1675 m.
909 1624 1046 1675 Guelf.
1147 1633 1342 1692 fioequens
1371 1646 1426 1675 est
1453 1646 1503 1675 et.

103 1719 159 1748 est
184 1709 312 1747 omitt.
342 1704 450 1744 Flor.
482 1701 616 1744 Guelf.
647 1701 770 1742 Goth.
803 1701 983 1742 Amb.:z.
1018 1701 1158 1755 Camp.
1189 1702 1299 1743 Jens.
1333 1712 1373 1743 et
1392 1712 1559 1756 posterr-

104 1785 198 1816 ante
239 1773 394 1824 Stoen,
436 1787 522 1811 exc.
558 1769 697 1819 sich„
737 1773 879 1824 quibus
914 1770 1046 1809 acced.
1079 1769 1205 1819 Obr·.‚
1233 1772 1326 1810 fort.
1363 1769 1490 1810 Aan.
1521 1775 1560 1810 1.

214 1840 384 1896 populus
420 1838 539 1879 Rom.
596 1849 758 1893 praetor
789 1841 912 1877 etiam
942 1836 1069 1876 Amb.
1101 1842 1139 1877 1.
1256 1837 1434 1878 consilio.
1495 1836 1563 1877 Sic

101 1911 210 1951 Flor.
242 1908 368 1948 Amb.
401 1912 419 1947 1
429 1938 439 1947 .

219 1989 257 2039 §.
281 1993 349 2027 22.
403 1985 519 2038 Quod
542 1987 578 2024 si
598 2001 678 2024 nec.
710 1985 853 2036 exigit.
915 1980 1051 2023 Guelf.
1085 1982 1198 2023 Sich.
1258 2001 1357 2039 quac
1375 2001 1413 2023 n.
1435 1985 1563 2037 exig„

105 2067 145 2098 et
174 2056 275 2096 haec
306 2057 505 2108 prioribus
541 2060 775 2091 annectunt.

218 2137 254 2188 §.
287 2138 356 2174 23.
420 2131 644 2185 Virginius.
707 2128 874 2182 Vcrgin.
907 2130 1030 2167 etiam
1071 2127 1179 2169 Flor.
1211 2127 1338 2169 Aan.
1365 2134 1406 2169 2.
1436 2126 1561 2167 Bern.

220 2200 445 2242 Theodoro.
509 2197 722 2237 Theodora
750 2197 860 2237 Flor.
893 2211 915 2235 a
941 2211 1001 2248 pr.
1029 2211 1087 2234 ln.
1119 2195 1218 2236 Tur.
1251 2212 1273 2236 a
1302 2212 1362 2249 pr.
1390 2210 1470 2246 m.;
1519 2197 1563 2233 in

105 2272 183 2312 hoc
207 2286 230 2310 a
249 2286 328 2311 sec.
349 2284 406 2309 m.
439 2266 685 2307 Theodorae.
790 2263 929 2303 tradit.
981 2262 1155 2302 traditur
1182 2263 1290 2303 Flor.
1323 2278 1416 2303 cum
1445 2261 1561 2302 Ahn.

220 2341 323 2391 sing.
355 2346 500 2391 quaest.
534 2350 614 2374 om.
649 2332 776 2373 Amb.
797 2338 837 2373 2.
898 2333 939 2385 ξη
963 2332 1202 2383 prooemium
1233 2346 1312 2370 om.
1347 2329 1487 2382 Camp.

221 2419 256 2470 §.
288 2416 356 2457 24.
416 2430 485 2454 nec
514 2429 616 2453 omn.
667 2414 771 2452 actio
799 2420 885 2465 pat.
942 2408 1054 2447 Haec
1082 2411 1273 2448 omittunt
1303 2411 1423 2447 etiam
1449 2407 1560 2448 Flor.

107 2501 131 2524 a
157 2501 217 2538 pr.
246 2500 300 2524 m.
331 2482 457 2523 Amb.
488 2487 552 2532 2.;
593 2483 638 2518 in
665 2478 792 2519 Aan.
826 2483 864 2518 1.
903 2476 1012 2516 Flor.
1044 2490 1066 2513 a
1096 2491 1174 2515 seo.
1203 2491 1259 2515 1n.
1298 2475 1389 2516 Par.
1424 2480 1462 2515 1.
1504 2485 1561 2516 est

109 2554 282 2605 quaestio
308 2567 378 2604 pro
413 2552 532 2590 actio.
650 2546 698 2585 lis
726 2557 796 2586 est.
854 2543 1101 2596 Transponit
1130 2541 1269 2596 Camp.
1375 2545 1501 2597 prius.

106 2621 256 2671 primns
285 2617 399 2658 Ajm.
455 2618 584 2671 primo
614 2613 753 2654 Turio.
869 2613 1015 2665 exigit.
1074 2612 1209 2664 exiget
1246 2608 1373 2651 Aan.
1407 2615 1446 2651 1.

110 2688 151 2725 in
182 2688 380 2738 prooemio
411 2688 539 2725 omitt.
571 2681 698 2723 Aan.
728 2685 770 2722 2.

1671 1155 1686 1298 1....-ληιψ
1677 1041 1687 1151 ,o-.->.
1683 1002 1687 1018 ,-
