1721 2974
241 214 298 259 αιῖ
326 214 494 272 Quintil.
514 212 647 257 Instit.
675 211 712 267 Ῑ,
746 218 814 255 11.
845 213 881 268 §.
899 216 1074 255 9-18,
1126 217 1194 259 12,
1221 213 1256 269 §-
1278 218 1424 256 1-9.
1514 219 1567 256 67

212 330 249 385 ξν.
284 335 352 372 18.
412 330 575 371 inieniio
595 337 688 369 ante
710 329 751 368 in
768 328 885 368 tertio
905 328 1118 367 insuerunt
1147 325 1287 369 Turic.
1320 325 1428 368 Flor.
1449 326 1564 369 Ahn.

99 396 246 452 camp.
358 399 581 453 praecipit3
628 398 685 436 ita
724 397 848 436 etimn
875 393 981 436 Rob.
1013 392 1184 447 Steph.;
1230 398 1432 450 praecepit
1469 399 1569 436 reti-

99 475 201 506 nent
228 466 322 507 Par.
349 471 387 506 1.
409 470 450 505 2.
484 468 523 504 6.
564 462 729 517 Camp.‚
779 463 892 502 haud
928 463 1051 502 dubie
1079 465 1233 516 nostri,
1286 464 1358 519 qui
1385 465 1568 508 silentur.

180 535 299 574 etiam
328 535 458 574 omitt.
485 530 602 573 Sich.
629 545 790 587 quoque
818 539 858 572 et
887 529 1030 585 Camp-

660 653 693 697 C
726 669 753 697 A
785 670 826 697 r.
885 651 1008 696 XII.

207 735 243 790 §.
277 741 316 778 1.
376 731 461 775 eorl.
497 744 612 790 temp.
656 744 753 775 tam.
823 732 910 774 εοᾶ.
950 744 1048 774 tam.
1086 743 1201 788 temp.
1238 732 1350 774 Flor.
1466 735 1565 776 haec

88 814 174 857 par.
206 813 283 843 aet.
338 812 425 857 pai.
458 801 533 841 hoc
564 812 640 842 aet.
678 801 782 843 Obr.
814 800 931 842 Ahn.
963 800 1103 842 Turio.
1133 800 1245 842 Flor.
1305 801 1381 842 hoc
1409 803 1563 844 habent

11 863 13 892 ἕ
92 874 214 909 etiam
243 869 391 910 Joanu.
422 868 543 909 Voss.
566 874 604 908 1.
636 867 758 910 Bodl.
780 867 882 909 ΑΜ.
906 868 1021 909 Sich.
1139 870 1286 910 robust.
1306 881 1435 910 tamen
1449 890 1562 926 puer.

11 983 12 986 Ἰ
86 949 219 988 ‚tamen
239 953 322 979 om.
354 936 613 986 etifflnflor.
635 935 762 975 Amb.
790 941 826 976 1.
857 935 985 976 Paris.
1013 942 1052 977 1.
1085 935 1226 991 Camp.
1284 941 1427 978 Errare
1447 942 1563 980 vide-

89 1014 155 1046 tur
186 1003 382 1057 Gibson.‚
423 1020 518 1045 cum
547 1013 704 1055 narrat,
735 1002 858 1043 Bodl.
891 1013 930 1043 et
957 1003 1093 1045 Andr.
1117 1020 1202 1045 non
1226 1020 1439 1058 agnoscere
1459 1010 1564 1048 illud

88 1085 240 1125 tamen,
290 1074 400 1128 quod
437 1082 527 1126 post
566 1084 737 1127 tempore
773 1074 951 1125 positum
990 1081 1048 1112 est
1089 1071 1196 1128 (qua
1230 1075 1276 1112 in
1305 1089 1348 1112 re
1380 1072 1561 1116 Gibsono

87 1145 299 1182 obsecutus
331 1151 389 1181 est
421 1141 549 1192 Obr.‚
589 1154 675 1180 non
706 1140 917 1179 addicente
947 1139 1075 1181 Amb.
1104 1139 1196 1195 1.);
1238 1141 1317 1182 hoc
1348 1145 1486 1196 etiam,
1516 1148 1561 1183 ni

86 1212 230 1262 fallor,
271 1212 496 1263 significant
526 1208 757 1262 Spaldingii
786 1210 911 1247 verba
941 1223 1075 1259 „cum
1102 1211 1255 1248 multis.
1270 1210 1298 1231 “

202 1278 239 1330 §.
271 1284 314 1319 2.
373 1288 409 1316 ct
424 1275 564 1317 velox.
624 1292 675 1315 ac
691 1274 767 1316 vel.
791 1274 920 1317 Amb.
944 1280 983 1316 1.
1096 1275 1282 1331 plurimis
1304 1279 1427 1318 etiam
1447 1277 1559 1322 Flor.

84 1343 214 1386 Amb.
238 1349 276 1386 1.
302 1351 342 1386 2.
383 1343 511 1385 Paris.
539 1349 579 1384 1.
601 1349 641 1384 2.
661 1347 700 1383 6.

88 1459 91 1462 ,
202 1413 235 1466 ᾧ.
268 1417 310 1452 3.
366 1421 600 1466 percurrunt
638 1413 762 1450 etiam
798 1408 940 1451 Turic.
981 1409 1093 1451 Flor.
1132 1409 1260 1452 Amb.
1284 1419 1326 1453 2.
1356 1413 1482 1456 Paris.
1515 1423 1557 1458 5.

84 1478 227 1533 Camp.
257 1478 358 1519 AJd.
390 1481 482 1518 fort.
513 1477 640 1518 Amb.
667 1483 705 1517 1.
818 1477 1032 1533 praebent5
1070 1480 1127 1517 ita
1147 1482 1270 1518 etiam
1293 1479 1433 1522 Turic.
1463 1482 1558 1525 Par.

87 1552 126 1587 1.
149 1553 189 1587 2.
215 1551 254 1587 6.
287 1546 428 1601 Camp.
469 1549 562 1586 fort.
591 1545 719 1586 Amb.
746 1551 784 1587 1.
839 1545 1004 1600 probent
1033 1545 1143 1586 Flor.
1175 1561 1198 1585 a
1227 1563 1288 1600 pr.
1309 1564 1366 1590 m.
1399 1549 1476 1604 (al.
1499 1568 1556 1594 m.

83 1629 187 1654 corr.
214 1613 420 1669 proment)
449 1613 577 1654 Amb.
601 1620 642 1655 2.
760 1615 945 1667 temporis
973 1611 1102 1653 Amb.
1128 1619 1166 1654 1.
1199 1614 1340 1669 Camp.

199 1684 233 1736 ᾗ.
265 1683 306 1722 4.
366 1693 566 1736 motusque
586 1681 867 1721 desiderentur,
911 1680 1112 1734 Copulaln
1130 1686 1259 1723 omitt.
1283 1683 1423 1726 Turio.
1442 1685 1554 1729 Flor.

82 1749 209 1792 Goth.
247 1750 376 1791 Amb.
409 1757 449 1791 2.
493 1749 635 1803 Camp.
695 1749 936 1788 desideretur
975 1748 1115 1789 Turio.
1158 1749 1269 1791 Flor.
1300 1752 1421 1794 Voss.
1447 1761 1489 1796 2.
1513 1763 1553 1797 3.

80 1817 208 1859 Amb.
232 1824 273 1860 2.
307 1816 444 1859 Guelf.
477 1833 570 1869 cum
601 1818 693 1857 edd.
726 1826 819 1856 ante
848 1815 975 1866 Bad„
1017 1832 1101 1857 acc.
1135 1817 1249 1860 Sich.
1367 1822 1436 1861 sub
1460 1841 1551 1864 uno.

81 1903 157 1926 uno
190 1887 259 1925 sub
288 1885 399 1926 Flor.
447 1886 528 1937 *sub
558 1901 640 1925 om.
663 1883 788 1926 Goth.
816 1883 957 1938 Camp.
1076 1885 1213 1926 labore
1230 1905 1321 1928 uno.
1382 1907 1447 1930 un.
1471 1891 1552 1932 lab.

81 1953 191 1994 Flor.
305 1953 428 2005 Ide03
457 1957 512 1993 ita
537 1957 662 2013 etiam*
678 1952 778 1993 Tur.
801 1952 912 1993 Flor.
943 1952 1035 1994 Par.
1061 1958 1098 1994 1.
1129 1960 1170 1995 2.
1198 1960 1238 1995 3.
1271 1954 1412 2010 Cfflnp.
1437 1957 1551 1999 Sich.

197 2022 230 2075 ᾗ.
263 2025 303 2061 5.
359 2023 499 2074 possit.
555 2031 683 2075 potest
722 2019 850 2060 Ajnb.
883 2025 921 2061 1.
1039 2024 1311 2078 cujuscunque.
1372 2028 1554 2081 cujusque

79 2087 207 2130 Amb.
234 2093 273 2128 1.
388 2090 484 2128 min.
518 2099 551 2126 et
569 2088 680 2143 fast.
710 2087 838 2128 Amb.
865 2093 903 2128 1.
936 2103 959 2127 a
987 2104 1067 2129 sec.
1096 2103 1153 2129 ln.

197 2157 230 2209 ᾗ.
265 2160 304 2195 6.
362 2153 411 2193 Si
449 2158 578 2195 omitt.
621 2158 743 2195 etiam
771 2155 881 2196 Flor.
929 2155 1055 2197 Amb.
1089 2162 1126 2196 1.
1158 2156 1249 2198 Par.
1272 2165 1312 2200 2.
1340 2166 1403 2213 6.3
1454 2166 1551 2202 reti-

80 2232 181 2265 nent
217 2223 344 2264 Paris.
389 2227 426 2262 1.
470 2221 611 2275 Camp.
738 2234 973 2276 geometrae.
1030 2228 1221 2276 geometri
1259 2225 1397 2268 Turio.
1436 2228 1548 2270 Flor.

80 2291 207 2332 Amb.
233 2296 271 2331 1.
299 2296 340 2331 2.
373 2288 510 2331 Guelf.
543 2289 684 2343 Camp.
716 2299 755 2329 et
785 2293 887 2329 aliae
919 2291 1010 2330 edd.
1043 2301 1165 2344 τεὴ..)
1224 2291 1351 2334 Codd.
1385 2298 1548 2350 quidem

81 2375 246 2406 omnes,
285 2367 331 2398 ut
360 2360 542 2410 videtur,
594 2361 673 2397 nisi
703 2359 812 2413 quod
843 2356 968 2399 Goth.
999 2357 1120 2398 Voss.
1143 2365 1183 2400 2.
1215 2361 1368 2403 habent
1393 2381 1550 2417 geome-

80 2430 202 2476 triae,
235 2435 274 2466 et
304 2427 451 2466 deinde
474 2428 660 2466 musicen.
771 2428 928 2480 finiam.
976 2428 1173 2481 finiamus
1201 2427 1327 2470 Amb.
1355 2437 1392 2471 1.
1424 2447 1446 2471 a
1466 2448 1544 2473 sec.

78 2509 160 2546 m.,
199 2497 329 2548 male3
363 2496 507 2535 eodem
547 2496 658 2534 ducit
686 2491 825 2534 Turio.
853 2496 1036 2548 finimus-

195 2563 234 2612 §.
265 2566 308 2603 7.
368 2563 578 2618 avibusque
608 2566 729 2602 inser.
761 2564 883 2601 etiam
911 2560 1022 2601 Flor.
1052 2560 1180 2604 Amb.
1210 2569 1248 2605 1.
1287 2563 1430 2620 Camp.

195 2631 235 2682 §.
269 2635 308 2671 9.
366 2631 487 2671 verba
517 2630 776 2687 rectasorm.
807 2629 947 2670 Turio.
978 2630 1090 2671 Flor.
1122 2640 1161 2670 et
1184 2634 1253 2672 alii
1274 2635 1381 2686 apud
1401 2633 1544 2675 Burm-

167 2700 354 2754 coeperis.
413 2703 650 2756 coeperimus
689 2713 898 2753 perperam
936 2697 1077 2740 Turio.
1115 2698 1224 2742 Flor.
1253 2699 1370 2743 Ahn.
1403 2699 1543 2757 camp.

985 2766 1021 2806 E
1054 2773 1078 2807 2
