1721 2974
2 2640 4 2642 ’
27 2656 29 2688 3
56 2641 214 2679 macas.
269 2641 376 2684 Flor.
403 2659 510 2698 apr.
536 2658 593 2683 m.
628 2641 819 2681 inimicos.

402 152 455 191 ad
487 151 650 205 Quintil.
681 150 815 192 Inslir.
852 149 915 204 Is,
947 156 987 194 7.
1020 150 1198 207 §.17—
1218 159 1288 196 26.
1489 163 1568 200 24‘1

113 262 230 304 Voss.
259 270 297 305 3.
338 268 530 306 omittunt
562 276 610 307 et.
735 265 974 307 eliciendum.
1041 265 1168 310 Amb.
1212 273 1246 308 1.
1287 267 1422 311 Turio.
1464 271 1569 314 Flor.

113 330 255 386 Camp,
289 332 517 386 eligendum.

224 402 260 451 §.
289 406 357 441 21.
415 402 489 441 hae
518 417 678 456 quoque.
736 400 871 442 Turio.
902 401 1010 442 Flor.
1042 401 1153 443 Ahn.
1179 402 1277 442 haec
1295 420 1452 458 quoqne.

104 477 254 519 postea.
312 466 434 508 Goth.
452 485 589 523 poena.
662 490 666 494 ·
703 472 888 509 oratoris.
947 469 1086 524 Camp.
1121 469 1272 511 Cervic.
1305 469 1434 512 Colin.
1458 488 1563 526 quo-

109 549 188 588 que
218 539 474 576 accusatoris.
1461 578 1465 582 ,

223 604 256 653 §.
295 609 362 644 22.
426 614 695 658 patronorum.
764 602 900 644 Guelf.
930 603 1056 646 Amb.
1086 610 1122 645 2.
1149 615 1368 658 patronum.
1437 607 1561 652 Goth.

108 666 225 710 Voss.
249 676 287 711 2.
311 675 486 725 patroni.
584 675 623 710 in
641 683 756 727 parte
773 697 829 703 ——-
850 673 1086 727 ca‘peclilion
1143 672 1253 713 Haec
1278 679 1413 715 omnia
1437 681 1561 718 omit-

105 739 155 776 tit
174 737 308 779 Turio.
352 742 484 778 interr.
508 751 562 778 est
588 755 664 779 om.
695 739 824 782 Amb.
853 745 886 780 1.
949 744 986 779 in
1006 751 1122 795 parte
1139 755 1216 781 orn.
1236 740 1343 783 Flor.
1389 747 1426 782 in
1445 757 1560 799 parte

104 828 160 835 —-
189 807 322 845 interr.
341 818 397 846 est
428 811 556 847 omitt.
582 808 695 849 Alm.
760 807 864 862 quod
884 825 976 847 raro
996 832 1052 839 —-
1072 808 1296 862 expeditior·
1314 826 1395 852 om.
1419 811 1558 867 Camp.

188 874 500 928 interrogandus.
579 875 677 917 Ald.
719 875 1052 928 interrogandum.
1185 886 1250 914 est.
1317 877 1426 920 Jens.
1460 878 1558 923 Lon,

102 939 204 978 Ven.
227 942 291 995 szst.
406 943 504 997 quid
535 943 624 983 [lix.
680 942 786 983 Jens.
812 941 911 982 Loc.
936 942 1044 983 Ven.
1066 943 1169 997 quod
1189 944 1224 982 cI.

215 1009 249 1060 §.
289 1014 356 1051 23.
425 1010 529 1065 quod
556 1013 596 1050 in
627 1027 682 1051 eo.
747 1010 815 1051 Sic
846 1013 966 1049 etiam
999 1009 1107 1051 Flor.
1136 1010 1227 1051 Par.
1263 1016 1298 1052 1.
1327 1018 1365 1053 2.
1397 1018 1433 1054 3.
1495 1016 1557 1057 At

99 1074 228 1117 Amb.
253 1081 289 1118 1.
309 1093 387 1118 om.
410 1079 523 1132 quod.
641 1095 739 1119 cura,
762 1090 808 1119 ct.
870 1077 1006 1118 Turio.
1024 1078 1130 1119 Flor.
1144 1110 1154 1130 ,
1194 1089 1363 1134 uterque
1384 1096 1405 1120 a
1424 1098 1480 1135 pr.
1501 1099 1554 1125 m.

100 1154 227 1185 curat.
295 1145 431 1188 Turio.
474 1163 496 1187 a
529 1164 606 1188 sec.
635 1164 689 1189 m.
718 1157 837 1187 curet.
874 1168 875 1171 ¹
973 1163 1069 1200 quas
1114 1157 1150 1184 ct
1191 1148 1292 1202 quib.
1358 1147 1486 1191 Amb.
1519 1157 1556 1193 l.

97 1208 231 1251 Turio.
253 1230 329 1267 qna
346 1216 499 1268 quibus.
617 1232 671 1254 cm
694 1217 837 1254 causis.
896 1212 1033 1266 Guelfi.
1059 1212 1186 1256 Amb.
1209 1221 1246 1256 2.
1267 1219 1459 1258 omittunt
1487 1235 1555 1261 ex.

51 1268 55 1273 ”
97 1281 211 1321 Voss.
253 1286 286 1320 1.
318 1288 355 1323 3.
394 1284 494 1324 haec
525 1287 661 1323 omnia
691 1287 895 1323 omittunt.
996 1281 1244 1323 amolienda.
1311 1284 1417 1325 Jens.
1455 1284 1553 1329 Loc.

94 1349 200 1388 Ven.
231 1348 487 1392 admonenda.
603 1352 818 1407 deficietur.
878 1350 1004 1392 Amb.
1029 1354 1066 1389 1.
1099 1349 1202 1390 Flor.
1237 1350 1327 1392 Par.
1351 1357 1386 1392 1.
1410 1354 1551 1394 itidem

95 1414 258 1470 deficiet.

206 1486 240 1537 §.
271 1487 339 1527 24.
399 1486 567 1527 laedant.
629 1486 764 1528 Guelf.
787 1485 930 1539 legant.
978 1485 1120 1538 Camp.
1150 1484 1265 1524 ledat.
1359 1504 1434 1541 pro
1457 1504 1551 1529 con-

93 1552 250 1595 ditione.
309 1555 448 1610 Camp.
475 1556 737 1610 proclictione.
852 1553 942 1594 illa.
1001 1553 1138 1594 Turio,
1172 1569 1193 1592 a
1225 1569 1302 1594 sec.
1325 1570 1379 1594 m.
1409 1553 1548 1611 Cflmp.

91 1620 195 1662 illas.
283 1640 380 1678 quac
396 1641 530 1679 supra.
578 1623 714 1664 Turio.
736 1622 879 1676 Camp.
901 1638 996 1676 quas
1017 1639 1048 1662 s,
1138 1621 1368 1675 responderi.
1410 1621 1547 1664 Turio.

91 1704 112 1728 a
133 1705 191 1742 pr.
213 1706 267 1731 m.
287 1691 393 1732 Flor.
423 1693 538 1733 Ahn.
563 1691 801 1745 respondere.
907 1690 1015 1729 solet.
1075 1688 1184 1729 JenS.
1214 1687 1312 1730 Loc.
1344 1693 1447 1730 Ven.
1476 1709 1546 1732 so·-

89 1755 178 1796 lent.
264 1759 531 1814 simplicitate.
590 1758 716 1800 Goth.
736 1762 851 1801 Voss.
871 1764 910 1800 2.
931 1756 1173 1812 simpliciter.
1251 1760 1417 1811 possint.
1476 1759 1543 1800 Sic

90 1827 212 1864 etiam
239 1825 327 1866 Par.
352 1833 388 1868 1.
409 1834 446 1868 2.

201 1893 237 1944 §.
264 1898 327 1934 25.
390 1894 551 1937 Verum.
608 1896 744 1937 Turio.
774 1894 878 1934 Flor.
899 1895 1028 1933 omitt.
1086 1890 1212 1934 Amb.
1236 1897 1273 1933 1.
1300 1908 1403 1934 vero.
1499 1905 1541 1934 ut

88 1976 227 2000 eoeorn.
288 1961 412 2002 Amb.
436 1968 472 2002 1.
507 1973 576 2001 aut
611 1980 752 2002 eoeorn.
866 1963 925 2000 ita
950 1959 1067 2000 destr.
1128 1958 1256 2001 Amb.
1286 1965 1319 2000 1.
1352 1978 1376 2000 a
1407 1961 1539 2011 desim,

87 2042 111 2066 a
130 2043 208 2068 sec.
227 2045 282 2068 m.
300 2038 322 2068 ἂ
358 2030 475 2070 (ἶεείν.
590 2033 795 2083 contingit.
855 2029 982 2070 Amb.
1016 2033 1050 2067 1.
1085 2030 1259 2080 contigit.
1376 2031 1542 2072 actione.

87 2095 224 2149 Camp.
247 2100 451 2138 actionem.
565 2101 614 2138 iis
636 2109 749 2152 temp.
808 2095 941 2137 Guelf.
972 2093 1109 2147 Camp.
1131 2093 1242 2135 Sich.
1263 2092 1324 2132 his
1342 2105 1452 2149 temp.

85 2180 158 2203 non
176 2168 352 2221 postfin.
412 2166 480 2207 Sic
504 2170 624 2207 etiam
644 2165 753 2205 Flor.
777 2165 901 2206 Amb.
921 2168 957 2203 2.
979 2161 1070 2202 I‘ar.
1095 2166 1132 2200 1.
1157 2168 1196 2202 2.
1241 2160 1323 2201 Sed
1346 2160 1469 2203 Amb.
1501 2169 1537 2205 1.

84 2248 159 2270 uon
184 2244 325 2287 potest.
436 2245 471 2273 ct
523 2235 673 2273 acilius.
734 2231 862 2274 Amb.
887 2236 922 2270 1.
950 2228 1056 2269 Flor.
1087 2244 1179 2268 culn
1210 2228 1307 2269 Ald.
1341 2233 1469 2272 omitt.
1488 2242 1536 2272 el.

82 2299 211 2342 Amb.
233 2308 272 2342 2.
294 2318 453 2358 quoque
472 2302 616 2359 uisae.

193 2372 228 2422 §.
259 2375 324 2410 26.
385 2368 671 2423 interrogandi.
728 2365 857 2408 Amb.
887 2369 922 2405 1.
953 2363 1090 2403 Turio.
1121 2361 1257 2417 Camp.
1291 2367 1405 2406 Voss,
1439 2371 1472 2405 1.
1497 2372 1534 2408 3.

82 2435 391 2490 interrogandae.
508 2439 646 2491 longus
681 2434 876 2490 protrahi.
941 2431 1069 2474 Amb.
1099 2436 1131 2470 l.
1175 2434 1296 2470 etiam
1324 2446 1346 2470 a
1373 2447 1449 2472 sev.
1471 2448 1531 2474 sn.

26 2522 27 2526 ¹
80 2502 237 2557 longum
253 2524 306 2560 p.,
352 2523 375 2547 a
391 2523 453 2562 pr.
472 2523 526 2547 m.
552 2506 679 2547 locum
704 2521 743 2558 p.
803 2502 931 2543 Amb.
949 2506 988 2540 2.
1018 2508 1234 2552 utrumque
1264 2501 1430 2538 verbum
1452 2515 1533 2542 om.

167 2581 377 2628 tamquam.
435 2575 560 2617 Amb.
585 2579 622 2615 1.
651 2572 758 2612 Flor.
789 2585 811 2610 a
842 2585 898 2623 pr.
920 2584 974 2608 m.
1005 2569 1128 2606 etiam
1147 2567 1261 2620 quasi
1273 2567 1371 2618 jam.
1455 2569 1533 2607 ἰηί·

929 2635 993 2675 vel
1017 2651 1103 2674 non.
1158 2632 1266 2673 Flor.
1300 2648 1462 2689 quoque
1494 2646 1531 2675 et

126 2708 224 2745 Tom.
274 2709 316 2743 V·
1029 2701 1068 2752 O
