1721 2974
206 142 286 183 384
407 133 415 138 ’
646 143 914 198 Supplcmenm
943 143 1203 182 annotationis

208 252 345 305 aiillc1,·
375 263 413 294 et
430 252 511 304 IX,
535 259 574 305 3,
590 258 640 293 66
665 252 840 293 Cloatilla
860 253 992 292 habet.
1050 256 1114 294 De
1131 252 1209 302 IX,
1229 254 1269 305 4,
1289 259 1338 296 31
1370 254 1475 294 nihil
1495 264 1634 296 enota-

207 329 295 360 tum
326 331 394 362 est.

319 389 356 438 §.
392 394 457 429 19.
515 403 536 427 ο
557 385 669 438 leges,
714 385 920 426 Omittunt
936 389 1252 438 interjectionem
1272 390 1392 426 etiam
1411 386 1533 428 Amb.
1547 391 1580 427 1.
1593 393 1633 428 2.

317 457 352 507 §.
383 462 448 495 20.
509 453 561 493 acl
587 453 666 506 (lig.
726 452 793 493 Sic
825 463 864 493 et
900 453 1022 494 Paris.
1058 459 1096 494 1.
1129 464 1169 495 et
1201 452 1321 495 Amb.
1353 460 1392 496 2.
1422 468 1636 509 nequevex

206 518 325 561 Amb.
352 527 389 561 1.
420 523 634 574 quicquam
652 523 847 559 varietatis
870 528 1075 560 enotatum
1096 528 1167 561 est.

319 590 350 641 ᾖ.
364 589 430 627 24.
461 604 480 624 ι’
503 597 613 625 tecto.
645 585 778 626 Etiam
788 585 909 626 Amb.
925 592 961 626 1.
974 593 1013 627 2.
1039 604 1064 626 a
1083 598 1196 627 tecto.
1286 585 1407 641 Caput
1426 588 1551 625 nescio
1569 585 1636 624 ubi

208 658 426 708 impositum
447 657 564 692 etiam
579 653 780 705 Amb.1.,
809 655 879 692 sed
896 656 1079 707 syllaba
1065 670 1116 693 zm
1134 656 1282 693 lineola
1304 662 1476 693 notatur.
1506 652 1633 692 Amb.

207 728 246 763 2.
277 722 380 760 nihil
411 720 521 758 aliud
552 723 629 759 nisi
659 737 744 775 cap.
779 737 878 760 nese.
911 721 995 759 ubi
1024 723 1100 760 im.
1170 718 1412 760 Gesneriana
1443 720 1597 760 emend
1591 736 1636 757 ι-

205 793 312 828 tione
330 790 460 826 nescio
481 790 550 841 qui
569 796 670 838 utar,
702 789 810 826 aliud
830 791 936 825 enim
955 796 1011 826 est
1031 788 1138 840 quod
1155 787 1346 839 Virgilms
1362 786 1473 826 Aen.
1491 787 1533 837 4,
1556 790 1634 825 177

206 856 253 894 de
283 857 387 893 sama
417 855 536 894 dicit:
566 851 868 909 Ingrediturque
899 857 981 893 solo
1004 863 1043 892 et
1066 862 1183 906 caput
1204 856 1303 891 inter
1324 856 1462 892 nubila
1486 853 1634 899 condit,

206 923 314 960 aliud
349 931 464 974 caput
489 923 776 974 impositum
803 921 936 960 nubi.
1006 919 1148 960 Malim
1175 923 1255 959 tale
1286 921 1408 974 quid:
1447 929 1564 973 caput
1591 922 1635 957 iu

204 991 364 1042 scopulo
393 990 590 1040 positum,
641 997 687 1027 ut
713 1003 858 1041 magna
887 991 1007 1028 simul
1034 997 1073 1027 et
1102 988 1294 1026 deformIa
1322 1002 1484 1039 corpora
1510 989 1636 1040 sigui-

203 1058 382 1095 ficentur.

315 1123 347 1174 ξ.
381 1125 447 1162 26.
506 1121 701 1161 arborum.
738 1120 862 1161 Amb.
887 1126 920 1161 1.
943 1137 1160 1172 ramorum,
1191 1121 1300 1175 quod
1319 1128 1448 1173 potest
1465 1121 1634 1172 placere.

316 1191 347 1241 ξ.
379 1193 446 1228 28.
497 1187 630 1227 clavus
651 1199 686 1226 et
701 1205 909 1242 purpurae.
937 1188 1062 1228 Ajnb.
1078 1194 1111 1228 1.
1126 1189 1242 1242 alfort
1264 1187 1385 1226 lumen
1398 1185 1530 1225 clavus
1539 1202 1636 1240 pur-

200 1272 323 1309 purae
341 1258 381 1293 in
408 1255 492 1295 loco
513 1258 616 1293 inser
619 1266 698 1303 tus,
728 1256 798 1294 sed
818 1272 860 1293 us
882 1271 933 1294 ex
953 1258 1220 1301 correctione,
1245 1256 1462 1293 necessaria
1482 1262 1634 1293 tamen.

317 1324 348 1375 ξ.
380 1328 447 1362 29.
503 1325 654 1361 enitet-,c
701 1321 825 1361 Amb.
852 1328 887 1361 1.
910 1337 1125 1375 ,prorsus
1148 1332 1192 1361 ut
1211 1321 1345 1361 Tu'ric.
1375 1320 1482 1360 Flor-

315 1392 347 1442 ᾗ.
380 1394 446 1429 33.
503 1392 538 1428 si
561 1389 612 1428 acl
632 1389 741 1428 illam
760 1400 989 1428 extremam.
1020 1388 1145 1429 Amb.
1167 1395 1207 1430 2.
1228 1391 1262 1427 si
1278 1388 1400 1428 illam.
1448 1386 1572 1427 Amb.
1595 1391 1636 1427 1.

204 1458 239 1495 si
259 1456 329 1496 illa
352 1467 543 1497 extrema.

768 1610 800 1652 C
832 1625 860 1650 A
893 1627 929 1651 ι’.
988 1606 1073 1651 VI.

312 1719 469 1761 Titulus
499 1722 541 1759 in
569 1719 693 1760 Amb.
716 1726 754 1760 1.
794 1722 875 1759 DE
908 1701 1133 1760 TROPIS.

315 1791 352 1840 §.
381 1795 419 1828 2.
479 1791 600 1827 instit.
659 1787 792 1827 Etiam
821 1787 941 1828 Amb.
975 1794 1014 1828 1.
1045 1783 1326 1836 instruendum,
1366 1801 1480 1839 porro
1510 1785 1636 1828 Paris·

207 1860 246 1895 1.
279 1860 317 1894 3.
1184 1862 1186 1864 ’

314 1922 350 1973 §.
379 1927 419 1962 7.
478 1923 603 1974 magis
621 1938 755 1976 propr.
778 1933 873 1962 erat.
923 1919 1042 1961 Amb.
1068 1923 1106 1959 1.
1138 1920 1221 1958 erit.

314 1991 348 2041 §.
384 1994 423 2029 8.
481 1989 666 2029 obtusior.
724 1988 860 2028 Etiam
895 1987 1018 2028 Amb.
1049 1992 1085 2027 1.
1136 1986 1192 2040 (si
1229 2001 1325 2040 opus
1364 1996 1422 2026 est
1462 1985 1635 2042 addere)

205 2057 417 2097 obtunsior.

315 2128 351 2174 §-
383 2129 448 2164 11.
506 2134 540 2162 et
567 2124 751 2177 proxime
781 2131 855 2161 cet.
900 2119 1027 2161 Amb.
1053 2126 1087 2161 1.
1116 2123 1196 2172 sic,
1231 2122 1300 2161 sed
1317 2130 1404 2174 post
1425 2123 1642 2161 correctio-·

204 2206 324 2232 nem:
363 2191 551 2230 audaciae
575 2207 715 2244 proma
738 2188 910 2244 periculo
942 2188 1191 2228 tranlationis
1215 2188 1406 2229 attolitur

315 2261 351 2311 ᾧ.
387 2266 450 2300 12.
507 2260 630 2297 vitius
659 2257 776 2311 apud.
834 2255 1103 2310 Interponitur
1135 2259 1179 2295 in
1206 2254 1329 2296 Amb.
1352 2260 1389 2295 1.
1419 2266 1482 2305 ut,
1525 2254 1634 2310 quod

205 2326 458 2382 Spaldingius
490 2326 746 2365 desiderabat.

314 2398 350 2446 §.
384 2399 447 2434 13.
507 2403 542 2431 et
571 2409 597 2431 α
622 2401 726 2445 part.
774 2388 896 2430 Amb.
919 2395 956 2430 1.
985 2400 1020 2428 et
1045 2389 1237 2445 partibus.

311 2463 348 2513 §.
381 2461 445 2500 14.
504 2463 544 2499 in
573 2459 814 2511 allegoriam.
868 2456 992 2497 Aan.
1020 2462 1055 2497 1.
1085 2460 1126 2496 in
1153 2456 1377 2510 allegorias.

314 2530 350 2580 §.
383 2533 447 2568 18.
506 2526 680 2567 volucres
705 2527 840 2579 pennis
872 2527 1060 2576 remigare
1086 2526 1240 2579 liquido
1269 2523 1396 2565 Aan.
1422 2528 1460 2565 1.
1515 2517 1630 2564 Idem

204 2593 277 2634 hoc
305 2605 395 2635 ante
428 2594 473 2633 V
470 2595 629 2648 ergilius
659 2591 741 2648 (sic
772 2589 905 2647 enim)
938 2592 1062 2632 addit.
