1721 2974
242 165 297 206 ad
329 165 462 219 Quini.
484 166 583 206 Iasi.
618 164 674 217 If,
710 168 774 206 14.
809 166 845 216 §.
869 170 935 207 35.
1000 163 1078 205 VI.
1109 165 1178 206 Pr.
1211 166 1414 216 §.1-6,
1476 175 1553 212 307

97 278 198 321 Loc.
228 280 339 321 Ven.
369 281 498 320 amisi.
616 283 700 320 ictu
729 279 862 319 simili.
915 278 983 319 Sic
1014 281 1135 318 etiam
1169 278 1278 321 Flor.
1316 296 1339 320 a
1367 298 1445 323 sec.
1473 298 1555 336 m.>

97 357 237 389 tamen
262 364 285 388 a
306 365 367 403 pr.
390 363 446 388 m.
470 362 564 387 cum
585 345 726 389 Turio.
754 363 776 386 a
795 363 854 400 pr.
875 362 930 388 m.
954 349 982 388 ἰ.
1002 347 1137 387 simile.
1213 347 1382 405 ferirer.
1415 349 1555 405 Camp.

86 415 251 472 scr-iret.
373 416 502 454 Tunc.
551 412 674 454 Amb.
698 420 736 455 1.
767 414 874 455 Flor.
906 418 1028 454 etiam
1051 431 1165 456 nunc.
1287 422 1559 460 consummeris,

99 484 238 524 Turio.
258 499 314 523 m.
337 499 416 523 sec.
457 483 566 523 Jens.
595 482 718 523 Tarv.
743 494 1051 537 consumpturus.
1113 482 1217 536 [Ad
1248 485 1560 538 disputationem

100 550 150 592 de
191 561 351 592 auctore
391 551 542 603 dialogi
583 550 684 590 haec
720 552 876 590 addidit
913 553 957 589 in
988 554 1094 592 notis
1130 555 1240 592 mstis
1275 551 1559 608 Spaldingms:

99 619 245 672 „Satis
275 623 397 672 longa
428 622 472 657 in
505 627 684 658 nostram
712 621 955 657 sententiam
983 628 1081 660 nota
1112 630 1170 661 est
1199 616 1489 675 Caperoxinerii
1517 625 1560 662 in

98 691 178 727 fine
208 691 300 727 libri
329 684 435 726 VIII
470 701 564 725 cum
599 687 864 740 quibusdam,
923 701 1026 740 quae
1067 702 1140 740 ego
1176 688 1243 728 hic
1281 704 1365 729 non
1397 678 1564 743 teiigi.“

100 786 127 807 ‚,
143 754 205 794 De
237 754 370 805 Salejo
400 752 525 793 Basso
554 754 758 793 diversum
780 756 989 808 utriusque
1008 758 1208 809 scriptoris
1228 749 1426 808 jddioium
1448 768 1564 812 urget

97 821 288 863 Barthius
309 822 359 860 ad
380 820 501 861 Statii
523 820 655 860 Theb.
677 819 738 871 X,
759 821 918 873 700.“]

214 890 250 941 §.
281 888 322 928 4.
381 889 479 928 mihi
499 888 619 927 bonus
637 905 795 942 parens.
845 887 952 929 Edd.
975 903 997 927 a
1017 887 1127 930 Jen&
1153 891 1203 930 ad
1223 890 1330 932 Ven.
1350 909 1443 933 cum
1460 893 1564 935 Bad.

100 956 255 997 Cervic.
280 955 412 997 Colin.
444 954 602 1010 Gryph.
637 957 673 996 b.
695 973 736 1010 p.
760 972 814 996 m.
921 973 1093 1011 possum.
1147 957 1288 1012 Camp.
1314 964 1476 1014 possim.

93 1026 338 1079 firmitatem.
386 1021 511 1063 Amb.
542 1029 577 1063 1.
611 1022 720 1063 Flor.
752 1022 843 1064 Par.
866 1028 903 1063 1.
939 1039 1103 1079 quoque
1133 1028 1415 1081 infirmitatem.
1528 1032 1570 1069 in

99 1109 160 1131 me
178 1102 248 1132 est.
300 1090 440 1145 Camp.
463 1102 519 1130 est
540 1094 581 1130 in
602 1109 674 1132 me.
760 1102 817 1130 est
839 1090 956 1132 alius.
1010 1091 1137 1134 Aan.
1163 1099 1201 1134 1.
1222 1094 1358 1135 Turio.
1383 1111 1405 1135 a
1426 1113 1486 1150 pr.
1511 1112 1568 1137 m.

99 1159 208 1200 Flor.
251 1158 357 1214 (qui
395 1175 418 1198 a
448 1175 508 1213 pr.
540 1175 593 1200 m.
631 1157 738 1214 alis)
787 1162 916 1200 omitt.
953 1170 1023 1199 est.
1152 1174 1346 1216 superstes
1388 1167 1568 1204 omnium.

102 1226 228 1268 Goth.
251 1229 476 1282 superstites
499 1244 535 1267 ο.
590 1227 728 1267 Turio.
756 1243 779 1267 a
797 1243 857 1280 pr.
881 1243 937 1268 m.
963 1245 1079 1282 super
1105 1240 1142 1268 ie
1162 1234 1367 1271 somnium.
1479 1232 1572 1272 nul-

103 1294 185 1335 lam
219 1306 346 1334 terras
376 1295 570 1349 despicere
594 1295 897 1350 providentiam.
958 1295 1084 1336 Aan.
1123 1302 1161 1337 1.
1204 1297 1342 1339 Turio.
1379 1314 1402 1338 a
1432 1316 1492 1353 pr.
1513 1316 1568 1340 111.

102 1362 214 1403 nulla
236 1366 277 1403 in
308 1363 444 1416 (Flor.
466 1362 627 1417 camp.)
656 1374 684 1404 1.
708 1364 849 1418 clispic.
882 1362 1060 1418 (Goth.)
1088 1365 1352 1419 providentia..
1441 1379 1570 1408 tester.

103 1430 241 1472 Turio.
261 1431 370 1472 Flo'r.
396 1447 418 1471 a
435 1448 494 1485 pr.
518 1448 574 1472 m.
599 1430 736 1472 Guelf.
763 1430 887 1472 Goth.
913 1442 1046 1471 testor.
1163 1449 1246 1473 meo
1277 1450 1384 1474 casu.
1430 1434 1571 1476 Turio.

105 1514 129 1539 a
146 1515 224 1539 sec.
247 1515 304 1540 m.
335 1516 441 1539 meos
469 1516 596 1539 casus.
709 1499 816 1554 quocl
839 1503 919 1540 riv.
972 1499 1081 1540 Flor.
1105 1499 1246 1554 Camp.
1270 1504 1361 1556 quia
1378 1518 1416 1543 v.
1479 1502 1574 1556 [Si-

104 1570 203 1606 mile
227 1568 388 1607 dicendi
406 1583 533 1621 genus
553 1570 708 1608 notavit
730 1567 868 1621 Spald.
895 1566 1072 1619 Quintil.
1102 1566 1289 1608 Declam.
1314 1576 1353 1621 9,
1376 1571 1454 1610 14:
1487 1586 1574 1610 non

105 1638 226 1674 sentis
243 1667 253 1686 ‚
293 1645 429 1688 pater,
471 1636 550 1675 hoc
575 1645 615 1675 te
643 1636 748 1675 mihi
775 1638 969 1688 objicere,
1012 1637 1122 1690 quod
1149 1637 1321 1677 vivam?
1374 1636 1500 1678 Cicer.
1524 1639 1577 1678 ad

103 1702 218 1748 Fam.
240 1701 338 1754 VH,
359 1708 382 1743 3
416 1712 518 1743 extr.
546 1706 725 1743 criminis
756 1706 844 1743 loco
875 1720 979 1752 esse,
1022 1705 1131 1758 quod
1150 1706 1331 1756 Vivam]
1419 1717 1460 1744 at
1483 1705 1577 1746 illo-

107 1787 206 1810 rum.
260 1770 397 1811 Turic.
420 1786 442 1810 a
458 1786 519 1824 pr.
542 1786 597 1811 m.
629 1771 684 1810 ad
705 1770 764 1811 ill.
865 1773 1022 1812 acerba.
1078 1771 1217 1812 Turio.
1247 1788 1269 1812 a
1290 1788 1350 1825 pr.
1373 1788 1429 1813 m.
1464 1790 1580 1812 acer-

107 1838 210 1878 ὂανη.
298 1849 442 1892 erepta.
493 1838 632 1879 Turio.
664 1854 686 1878 a
707 1855 767 1893 ΡΥ.
790 1855 846 1880 m.
881 1852 1023 1880 erecta.
1120 1841 1220 1879 mihi
1236 1844 1350 1895 prius
1372 1841 1580 1880 eorundem

105 1916 245 1944 matre.
301 1904 429 1945 Amb.
455 1912 494 1946 1.
524 1906 662 1946 Turio.
690 1906 800 1948 Flor.
834 1906 976 1962 Camp.
1009 1906 1145 1949 Guelf.
1175 1926 1240 1964 pr.
1274 1925 1325 1948 m.
1353 1919 1450 1949 mat.
1480 1925 1578 1961 eoru,

107 1975 186 2012 nisi
220 1973 330 2027 quod
363 1972 512 2012 Turics
541 1985 732 2025 matrem,
795 1984 834 2013 et
868 1991 890 2013 a
922 1992 981 2028 pr.
1014 1991 1070 2016 m.
1101 1979 1204 2030 pius.
1331 1992 1431 2030 quae
1458 1976 1577 2016 nond.

110 2039 248 2080 Turio.
271 2056 294 2080 a
314 2056 373 2094 pr.
396 2055 452 2080 m.
477 2042 544 2094 qui
563 2057 602 2080 n.
715 2045 869 2082 aetatis.
922 2042 1063 2097 Camp.
1099 2044 1193 2083 add.
1225 2060 1333 2083 suae.
1441 2042 1580 2100 felix.

110 2107 237 2148 Amb.
260 2113 297 2148 1.
320 2107 431 2147 Flor.
463 2107 555 2148 Par.
585 2113 622 2148 1.
641 2124 805 2164 quoque
825 2109 988 2166 isfelioe.

226 2178 264 2228 ᾧ.
296 2181 335 2217 5.
398 2175 486 2229 Ego
508 2175 572 2215 vel
592 2176 679 2216 hoc.
720 2176 830 2218 Jens.
857 2187 896 2217 et
917 2187 1009 2217 cett.
1033 2178 1085 2217 ad
1105 2177 1209 2219 Ald.
1235 2178 1309 2218 hoc
1327 2193 1398 2231 ego
1419 2176 1495 2217 vel.

112 2246 172 2284 sic
195 2261 316 2284 eram.
370 2242 507 2284 Guelf.
529 2259 610 2284 om.
636 2247 709 2284 sic.
794 2256 940 2300 posset.
988 2244 1098 2288 Flor.
1119 2249 1264 2301 posuit.
1321 2244 1464 2299 Camp.
1483 2262 1583 2300 pos-

113 2314 177 2353 sit.
281 2312 403 2353 cadit.
446 2311 584 2360 Turdo.
615 2312 773 2352 cadunt.
858 2313 1011 2369 functa
1037 2317 1164 2354 insan.
1212 2314 1323 2354 Flor.
1356 2312 1447 2353 Par.
1479 2317 1516 2353 1.
1539 2318 1580 2354 2.

116 2395 279 2435 quoque
303 2380 349 2437 f.
380 2383 431 2419 sit
453 2382 527 2419 ins.
645 2384 806 2421 marito.
861 2379 999 2422 Guelf.
1028 2384 1070 2421 in
1089 2385 1248 2423 marito.
1368 2391 1497 2420 aetate
1521 2398 1582 2420 ecc.

117 2445 254 2487 Etiam
270 2446 396 2488 Aan.
423 2453 459 2487 1.
494 2459 620 2488 aetate
636 2460 732 2489 tam.

232 2517 269 2568 ᾧ.
302 2520 341 2556 6.
402 2516 642 2558 omem-abar.
701 2516 809 2557 Flor.
841 2532 864 2556 a
890 2533 951 2571 pr.
979 2530 1036 2556 m.
1067 2516 1324 2565 orbitatibus,
1365 2531 1389 2556 a
1414 2531 1495 2558 sec.
1524 2531 1580 2557 m.

123 2597 217 2622 cum
239 2581 362 2625 Amb.
387 2589 426 2625 1.
452 2588 614 2637 omittit,
646 2586 689 2625 id
709 2586 818 2640 quod
840 2584 1100 2638 Spaldingius
1124 2584 1279 2623 dudum
1300 2586 1497 2624 voluerat.

124 2661 231 2704 erat,
275 2652 354 2694 sed.
417 2651 555 2697 Etiam
580 2653 707 2696 Amb.
729 2658 766 2694 1.
797 2652 906 2695 Flor.
937 2651 1028 2695 Pax.
1053 2658 1091 2692 1.
1112 2658 1152 2694 2.
1182 2655 1368 2694 inserunt
1396 2667 1498 2692 sera.

1032 2719 1071 2761 U
1091 2726 1118 2763 2
