1721 2974
165 195 247 239 174
604 193 877 250 Supplemcnia
906 197 1167 235 annotationis
1185 180 1188 183 Ι

163 325 296 366 neque
333 310 466 350 solum
513 308 564 348 ad
603 317 758 360 tempus
805 309 1026 346 maximam
1063 311 1277 349 utffitatem
1314 313 1500 364 attulisti,
1541 313 1613 353 sed

165 382 288 444 etipm
326 377 378 416 ad
415 374 684 430 exemplum]
808 376 904 428 ipsis
943 373 1044 429 lizig.
1087 375 1198 417 Flor.
1240 392 1263 417 a
1300 393 1361 431 pr.
1399 393 1456 420 m.
1516 382 1612 434 ipsis

165 445 268 500 litig.
298 447 436 500 ipsiS.,·
466 460 544 484 sec.
569 457 625 482 m.
657 443 806 481 delevit
831 444 955 494 prius.

279 514 317 564 §.
349 517 388 553 8.
444 509 635 566 quaedam
676 511 703 547 i.
742 509 780 549 Ιι.
819 525 979 564 quoque.
1037 509 1177 565 Cfflnp.
1216 528 1368 567 quoque
1396 515 1423 554 i.
1456 513 1494 553 Ῐι.
1527 516 1615 568 qui-
1667 546 1670 549 Α
1715 506 1716 512 ’

166 587 265 627 dem.
379 582 419 618 in
455 578 529 618 his.
589 579 629 615 in
658 578 708 615 iis
745 574 869 617 Goth.
903 576 1012 618 Jens.
1044 586 1084 618 et
1114 588 1278 637 posfterr.
1309 589 1400 619 ante
1432 579 1612 635 Gryph.,

166 669 253 694 exc.
286 648 398 690 Sich.
503 655 631 697 agent.
664 655 813 685 contra.
867 642 930 685 Ita
957 645 1066 687 Flor.
1099 661 1193 685 cum
1220 645 1453 689 Amb.1.2.
1551 650 1615 687 in-

162 730 293 775 gentes
324 718 445 755 etiam
471 711 598 752 Aan.
620 716 658 751 1.
687 711 798 751 Flor.
900 714 1078 768 infirmos
1107 723 1142 751 et
1174 715 1358 767 impareS.
1391 700 1395 705 Ι
1418 725 1455 754 et
1485 718 1613 755 omitt.

164 789 302 830 Turio.
342 783 450 823 Flor.
494 777 630 820 Guelf.
673 778 795 819 Goth.
834 794 856 818 a
884 796 944 833 pr.
975 795 1031 820 111.
1077 780 1203 820 Α1111).
1244 787 1284 822 2.
1325 784 1502 838 infirmos
1540 784 1616 822 im-

164 864 328 911 paratos
366 852 536 904 impar-cs
569 846 697 886 Amb.
725 852 762 887 1.
797 846 890 900 (nisi
928 849 1038 902 quod
1075 848 1176 887 duae
1205 858 1427 901 postremae
1458 852 1632 890 litterae'

167 931 261 964 sunt
298 935 321 958 a
348 932 427 957 sec.
465 913 541 968 m.)
599 912 647 953 In
676 913 786 954 Flor.
827 930 952 968 marg.
995 917 1154 955 additur
1191 918 1228 961 ’l‘
1257 916 1350 970 (vel)
1385 912 1553 972 impares
1579 919 1618 962 'l‘

167 995 410 1046 impar-atos5
441 982 515 1040 i'f
547 985 764 1037 imparatos
793 993 828 1021 ct
849 985 1018 1036 impares
1047 983 1168 1023 Tarv.
1198 982 1298 1024 AJd.
1331 982 1460 1026 Colin.
1489 984 1615 1027 Basil.

280 1057 315 1107 §.
349 1059 388 1094 9.
441 1053 621 1105 justitiae
659 1067 764 1090 suae.
826 1053 982 1104 justitia
1019 1066 1091 1090 sua
1127 1050 1263 1099 Jens.,
1306 1052 1414 1105 quod
1448 1056 1533 1092 iam
1572 1057 1616 1092 iu

164 1124 286 1166 Tarv.
318 1128 541 1161 correctmn
572 1128 642 1170 est,
673 1128 711 1158 et
730 1116 881 1171 Regius
907 1120 1027 1157 etiam
1056 1119 1256 1158 emendat.
1365 1119 1465 1159 inde.
1515 1121 1618 1160 indic

165 1193 304 1234 Turio.
334 1188 444 1228 Flor.
469 1202 491 1225 a
509 1203 568 1239 pr.
582 1202 637 1226 m.
665 1195 846 1240 uterque.
951 1184 1239 1225 occultandam.
1291 1185 1486 1225 occultam
1517 1186 1618 1229 Tur.

168 1260 310 1312 Camp.
416 1253 591 1294 multum.
650 1253 770 1293 multo
804 1252 939 1294 Guelf.
969 1251 1095 1293 Amb.
1114 1259 1153 1293 2.
1187 1268 1280 1292 cum
1307 1252 1427 1294 Voss.
1452 1259 1490 1294 3.
1518 1254 1618 1296 AM.

280 1328 316 1378 ξ.
342 1329 407 1364 10.
446 1325 667 1378 praecipue.
710 1320 773 1362 Ita
793 1321 935 1363 Par.1.
1021 1323 1306 1376 praecipueque
1334 1323 1455 1361 etiam
1486 1320 1618 1363 Colin.

166 1398 258 1435 fort.
288 1391 415 1432 Amb.
450 1396 488 1431 1.
604 1390 785 1430 adversa.
843 1387 905 1429 Ita
933 1388 1042 1428 Flor.
1081 1387 1209 1428 Amb.
1244 1393 1282 1428 1.
1312 1394 1353 1430 2.
1395 1388 1485 1429 Par.
1517 1395 1554 1430 1.
1577 1396 1618 1431 2.

170 1469 209 1504 3.
231 1463 269 1500 4.
331 1475 472 1499 aversa
499 1461 620 1513 primi
650 1458 846 1497 dederunt
876 1455 988 1496 Sich.
1016 1454 1148 1496 Colin.
1267 1455 1458 1510 judicum.
1511 1457 1623 1510 jucli-

171 1534 273 1571 cium
312 1527 449 1567 Turio.
495 1542 517 1565 a
546 1542 606 1579 pr.
637 1541 694 1566 111.
734 1527 785 1565 cf.
827 1528 863 1578 §.
895 1529 936 1564 2.
1065 1534 1240 1578 possunt.
1305 1525 1459 1578 possint
1499 1528 1622 1565 etiam

168 1598 277 1639 Flor.
307 1595 432 1635 Aan.
465 1600 504 1635 2.
537 1592 674 1634 Guelf.

288 1665 324 1716 §.
360 1668 424 1702 11.
484 1664 526 1701 in
561 1661 747 1714 judicem.
807 1661 849 1698 in
889 1661 1017 1698 omitt.
1056 1658 1194 1698 Turio.
1235 1673 1258 1697 a
1285 1673 1346 1711 pr.
1375 1672 1432 1698 m.
1461 1656 1570 1700 Flor.
1603 1674 1627 1700 a
1680 1671 1682 1673 '

170 1749 227 1787 pr.
247 1747 303 1771 m.
333 1729 445 1771 Alm.
478 1744 572 1769 cum
600 1728 718 1768 Voss.
743 1733 780 1767 1.
801 1731 840 1767 3.
937 1726 1006 1765 secl
1035 1726 1140 1780 quocl
1167 1727 1334 1765 omnino.
1391 1742 1424 1765 s.
1455 1742 1501 1764 ne
1520 1743 1556 1780 q.
1586 1743 1622 1767 ο.

170 1800 297 1842 Amb.
330 1804 368 1838 1.
408 1797 531 1837 Tarv.
561 1795 658 1836 ΑΜ.
692 1794 824 1835 Colin.
879 1811 912 1833 s.
943 1810 981 1848 q.
1015 1811 1060 1832 ne
1091 1810 1124 1833 0.
1151 1792 1260 1833 Flor.
1292 1807 1315 1831 a
1343 1808 1422 1834 sec.
1453 1808 1511 1833 m.

172 1871 253 1907 nisi
272 1869 403 1922 fieret.
462 1867 539 1903 nisi
571 1867 698 1903 omitt.
738 1862 876 1902 Turio.
916 1860 1025 1900 Flor.
1056 1859 1168 1901 Ahn.
1284 1860 1433 1900 Etiam.
1492 1864 1630 1902 etenim

172 1934 300 1976 Amb.
332 1940 373 1974 2.
419 1932 510 1973 Par.
547 1936 585 1972 1.
620 1936 660 1971 2.
693 1935 732 1970 3.
762 1931 803 1969 4.
930 1929 1114 1968 emor-clio.
1175 1932 1216 1968 in
1255 1944 1324 1967 ex.
1367 1926 1504 1969 Guelf.

173 2019 222 2042 ac
258 2004 446 2056 gratiam.
513 1999 567 2039 acl
601 2010 708 2052 grat.
753 1997 890 2037 Turio.
930 1996 1039 2036 Flor.
1078 1995 1194 2035 Ahn.
1239 1995 1367 2034 Amb.
1402 2001 1449 2036 2.·
1480 1994 1626 2038 -Guelfi

172 2070 263 2111 I‘ar.
296 2075 333 2109 1.
390 2068 510 2108 Voss.
548 2072 586 2106 1.
628 2071 668 2107 3.
716 2063 840 2104 Bern.
890 2063 1031 2117 Camp.
1109 2061 1289 2116 Recepta
1327 2071 1384 2101 est
1423 2066 1467 2101 iu
1503 2061 1628 2106 Goth.

175 2138 294 2178 Voss.
327 2143 394 2189 2.;
455 2146 489 2174 et
511 2152 576 2188 gr.
608 2133 734 2174 Amb.
762 2138 801 2173 1.
940 2132 1103 2185 ngend0‚
1135 2141 1190 2171 ut.
1247 2140 1282 2168 et
1310 2133 1491 2169 inserunt
1519 2131 1628 2172 Jens.

178 2215 217 2245 et
246 2214 410 2258 posterr.
445 2213 536 2243 ante
565 2201 663 2242 Ald.
768 2199 947 2240 Asinius.
1007 2202 1138 2238 asinus
1168 2197 1304 2238 Turic.
1334 2200 1470 2236 asiniis
1498 2197 1629 2250 Ajm„

177 2273 321 2311 deinde
353 2271 492 2311 Turio.
549 2279 668 2325 prout
704 2268 801 2309 Urb.
905 2267 1103 2306 Urbiniae.
1160 2265 1332 2304 Urbinae
1357 2261 1495 2305 Turio.
1520 2265 1630 2306 Flor.

176 2338 301 2378 Aan.
327 2344 364 2378 1.
399 2337 541 2391 Camp.
576 2336 672 2392 (nisi
702 2337 811 2391 quod
831 2336 898 2374 hic
928 2335 1090 2389 urbine).
1187 2332 1317 2372 malae
1347 2348 1499 2372 causae.
1548 2332 1631 2374 Or-

179 2407 315 2445 dinem
343 2414 574 2459 permutant
603 2403 743 2444 Turic.
769 2403 876 2444 Flor.
907 2402 1035 2443 Amb.
1054 2408 1091 2442 1.
1119 2400 1259 2453 Camp.
1283 2398 1382 2440 Loc.
1407 2409 1445 2438 et
1464 2409 1630 2453 posterr.

181 2483 272 2512 ante
303 2473 438 2524 Sich.‚
479 2475 621 2527 quibus
660 2472 794 2511 acced.
829 2471 958 2511 Colin.
1021 2485 1163 2509 causae
1195 2465 1296 2505 male
1337 2465 1473 2507 Guels.
1505 2465 1630 2508 Goth.

179 2538 290 2580 Jens.
318 2540 438 2580 Tarv.
470 2539 583 2580 Sieh.
618 2537 799 2593 Gryph,
831 2548 875 2577 ut
903 2537 1005 2577 male
1035 2538 1085 2576 ad
1110 2538 1240 2590 posuit
1270 2537 1476 2574 referatur.

295 2612 330 2659 ξ.
366 2613 430 2647 12.
492 2607 637 2660 Negat.
696 2606 880 2658 Negabat
910 2605 1056 2655 Tam,
1086 2606 1184 2643 sola.
1295 2619 1374 2641 esse
1401 2618 1574 2656 prooem.

180 2690 244 2727 pr.
280 2690 358 2712 esse
387 2673 527 2714 Tul-ic.
560 2673 694 2715 Guelf.
726 2673 853 2714 Amb.
874 2679 913 2713 2.
1031 2675 1138 2726 quia.
1197 2687 1296 2724 quac
1324 2670 1460 2710 Guelf.
1492 2668 1631 2721 Camp-
