1721 2974
35 2506 66 2518 ,2

405 186 458 227 αιῖ
489 184 663 240 Quintil.
693 182 827 225 Instit.
858 180 904 236 1,
937 187 976 225 5.
1022 180 1056 236 §.
1087 187 1290 225 20—-31,
1525 189 1578 227 35

117 310 279 354 auctor,
334 303 574 342 observabis.
635 301 843 340 Nimirum
879 312 975 338 cum
1015 298 1236 338 doctissimi
1266 299 1366 337 olIm
1394 313 1578 352 pronun-

116 375 217 412 tiare
253 372 429 411 solerent
461 366 637 420 Άίνὲιιε,
686 371 833 408 vitium
866 369 954 407 fieri
1002 366 1153 418 judicat
1188 363 1496 419 Quintilianus,
1545 371 1579 409 si

58 438 63 447 ⁸
117 442 209 494 quis
245 437 398 478 Atreus
437 436 589 490 (tribus
618 434 809 490 syllabis)
852 435 979 486 dicat,
1029 437 1058 474 i.
1091 450 1127 474 e.
1166 435 1317 473 flexam
1355 449 1428 488 pro
1468 440 1581 488 gravi

117 510 375 561 pronuntiet,
426 519 471 544 ac
512 506 726 558 dupliciter
766 513 806 544 et
844 505 1115 544 contractione
1155 510 1195 542 et
1227 511 1397 542 accentu
1424 507 1583 557 peccari

117 578 167 614 ab
197 578 259 626 iis,
301 575 373 628 qui
402 559 526 611 ΝειτΛί
567 573 721 612 duabus
762 575 925 626 syllabis
965 574 1209 626 loquantur,
1272 585 1367 610 cum
1409 571 1583 612 debeant

117 641 258 682 Ndrei.
329 639 456 692 Quod
506 641 555 680 de
606 643 719 694 apice
760 644 945 694 exposuit
996 638 1280 692 Spaldingius,
1339 654 1484 678 verum
1524 650 1583 681 est

117 713 205 750 sine
249 710 397 760 dubio,
451 724 545 747 eum
584 723 668 746 non
718 723 801 745 esse
853 709 1158 745 circumflexmn
1197 707 1267 746 sed
1306 709 1453 760 longae
1499 711 1584 763 syl-

117 780 234 818 labae
263 780 427 829 signum
458 772 599 828 (——),
647 773 718 811 sed
749 788 843 811 cum
882 774 1070 825 adjecerit
1103 773 1385 825 Quintilianus
1414 778 1586 816 verbum

117 843 438 893 circumducere,
492 850 665 895 utroque
700 843 915 891 conjuncto
944 843 1055 881 idem
1084 843 1253 882 efficitur
1283 857 1329 883 ac
1357 846 1391 883 si
1421 845 1587 885 dixisset

121 911 316 969 syllabam
350 906 700 965 circumflcoeam.]

236 984 272 1033 §.
304 981 374 1021 24.
434 977 560 1016 Nerei
591 978 782 1032 Tcreique
811 975 948 1017 Turio.
980 980 1090 1019 Flor.
1122 977 1249 1019 Amb.
1278 985 1318 1020 1.
1353 979 1497 1036 Camp.

236 1052 273 1101 §.
305 1051 374 1089 25.
435 1049 518 1107 scio
540 1048 626 1099 jam
656 1043 795 1085 Turio.
816 1043 923 1085 Flor.
954 1043 1096 1100 Camp.
1120 1045 1278 1102 Gryph.
1298 1047 1422 1090 Vasc.
1443 1049 1587 1105 Steph.

125 1117 228 1159 Obr.
261 1119 430 1156 virisim.
462 1113 591 1155 Amb.
620 1118 657 1154 1.
776 1129 862 1153 voc.
897 1114 1035 1168 quaed.
1067 1115 1195 1157 Amb.
1224 1121 1262 1157 1.

238 1189 274 1238 ξ.
306 1188 375 1226 26.
435 1182 610 1237 Itemque
641 1181 872 1236 cum'quale
901 1180 1042 1224 Turio.
1076 1183 1184 1223 Flor.
1215 1183 1342 1224 Amb.
1373 1190 1411 1227 1.
1447 1185 1590 1242 Camp.

124 1252 249 1294 Bern.
281 1251 397 1292 Alm.
426 1250 561 1291 Andr.
622 1250 721 1288 Idem
752 1266 838 1289 cum
869 1249 984 1304 quale
1013 1249 1161 1292 Baliol.
1194 1249 1330 1294 Guelf.

242 1326 278 1373 ξ.
311 1325 379 1361 28.
452 1329 596 1357 natura
637 1318 763 1357 brevis
815 1319 905 1358 edd.
959 1328 1052 1358 ante
1091 1316 1214 1360 Gesn.
1257 1335 1422 1374 omnes,
1470 1325 1594 1364 etlam

132 1388 299 1441 Camp.,
348 1395 387 1426 et
432 1387 549 1426 codd.
599 1401 692 1424 mea
732 1387 899 1440 quidem
937 1389 1137 1426 sententia
1178 1385 1283 1441 (nisi
1324 1391 1427 1429 forte
1470 1389 1594 1431 Goth.

129 1455 266 1498 Guelf.
300 1456 357 1494 br.
390 1465 471 1493 nat.
504 1454 627 1505 dant,
668 1454 716 1492 de
748 1469 923 1508 quorum
952 1457 1145 1495 varietate
1176 1459 1302 1497 tacuit
1333 1456 1526 1514 Spald.);
1574 1475 1595 1499 e

126 1528 243 1565 nullo
276 1526 386 1563 enim
417 1523 474 1561 br.
507 1532 590 1562 nat.
625 1523 803 1563 affertur.
922 1521 1062 1562 herous
1100 1525 1223 1563 etiam
1251 1522 1381 1565 Amb.
1410 1530 1449 1567 1.
1482 1542 1505 1566 a
1533 1543 1594 1580 pr.

128 1609 186 1633 m.
229 1602 269 1633 et
309 1591 423 1633 Sioh.
485 1589 619 1631 Ceteri
660 1591 805 1640 codd.,
857 1591 949 1630 fort.
990 1593 1288 1632 conferentium
1332 1597 1596 1648 negligentia,

127 1669 324 1701 tacentur.
383 1659 661 1700 PariSinorum
689 1674 784 1699 vero
817 1658 857 1698 4.
890 1667 929 1697 et
961 1662 1000 1699 5.
1032 1659 1183 1712 herous,
1216 1666 1254 1701 1.
1278 1670 1318 1702 et
1340 1668 1381 1704 2.
1415 1662 1599 1703 heroicus

128 1730 322 1769 exhibere
363 1729 592 1769 finduntur.

243 1802 279 1851 ς.
310 1803 379 1839 29.
442 1807 575 1836 nostro
606 1811 688 1836 om.
719 1798 843 1835 etiam
873 1794 1010 1836 Turic-
1038 1793 1146 1837 Flor.
1172 1795 1313 1851 Camp.
1345 1800 1437 1838 fort.
1468 1797 1597 1840 Amb.

131 1872 197 1918 1.3
248 1869 426 1905 retinent
455 1865 545 1906 Par.
581 1870 618 1905 1.
651 1871 691 1906 2.
727 1869 765 1904 6.
883 1873 939 1903 est
969 1872 1059 1918 post
1094 1867 1286 1904 vitiosum
1326 1868 1446 1907 inser.
1479 1869 1603 1908 etiam

130 1932 241 1974 Jens.
271 1931 397 1973 Tarv.
428 1932 529 1973 Loc.
558 1933 669 1986 Ven.

231 2004 283 2052 -§.
317 2006 384 2039 30.
444 2001 650 2052 ,N'amque5
689 2003 747 2039 ita
774 2001 889 2039 haud
919 2001 1040 2038 dubie
1073 2001 1196 2038 efiffln
1215 1999 1315 2041 Tur.
1338 2001 1447 2042 Flor.
1471 2001 1599 2045 Alnb.

66 2123 75 2128 -
138 2074 176 2108 1.
210 2069 375 2119 Ca1np.,
427 2069 498 2121 qui
526 2069 707 2105 silentur.
768 2065 876 2104 Nam
908 2066 1015 2120 quod
1051 2070 1174 2106 etiam
1207 2067 1309 2108 Ald.
1371 2070 1480 2110 Nam
1510 2074 1605 2126 quia

135 2136 246 2177 Jens.
287 2132 412 2174 Tarv.
452 2131 552 2173 Loc.
593 2133 703 2173 Ven.
830 2149 897 2172 eae
933 2144 1046 2186 sunt5
1097 2137 1218 2188 plane
1256 2139 1314 2176 ita
1353 2136 1495 2192 Camp.
1538 2155 1606 2178 eae

138 2205 230 2244 edd.
274 2211 366 2242 ante
408 2200 522 2242 Sich.
568 2216 720 2240 omnes.
788 2217 836 2239 ea
875 2199 1040 2252 Turic.3
1093 2202 1165 2241 lzae
1203 2207 1381 2244 retinent
1407 2205 1536 2246 Aan.
1563 2211 1602 2248 1.

137 2272 247 2312 Flor.
308 2280 397 2310 sunt
439 2272 559 2309 etiam
601 2266 741 2308 Turio.
781 2266 890 2308 Flor.
931 2271 1031 2323 (qui
1062 2271 1103 2309 in
1132 2271 1250 2310 verbo
1277 2275 1341 2311 illi
1367 2272 1604 2331 anteponit)

138 2341 266 2382 Amb.
300 2346 339 2379 1.
371 2337 497 2379 Paris.
523 2343 560 2377 3.
623 2339 701 2375 sint
725 2338 852 2376 Paris.
879 2341 917 2375 1.
940 2342 979 2377 2.

255 2413 291 2462 §.
323 2413 391 2449 31.
453 2405 660 2461 disyllabis
701 2406 822 2443 etiam
853 2401 978 2444 Tarv.
1009 2403 1110 2444 Ald.
1143 2405 1274 2447 Stoer.
1337 2408 1549 2464 bisyllabis
1583 2426 1605 2451 e

141 2480 266 2520 Paris.
293 2482 330 2517 1.
350 2482 391 2517 2.
423 2484 633 2528 enotatum
663 2481 734 2513 est.
854 2487 922 2510 nec·
951 2489 1042 2526 unq.
1073 2472 1142 2513 ult.
1174 2477 1332 2515 inverso
1354 2478 1439 2517 ord,
1463 2476 1604 2519 Tmic,

146 2546 255 2587 Flor.
291 2544 418 2586 Amb.
441 2549 479 2583 1.
513 2541 654 2596 Camp.
759 2543 885 2597 flexa
915 2550 951 2579 et
981 2552 1100 2580 acuta
1129 2545 1250 2583 etiam
1278 2542 1420 2586 Turio.
1451 2545 1544 2587 Par.
1567 2551 1604 2589 1.

146 2621 186 2656 2.
247 2617 436 2669 quoniam
463 2628 520 2643 ⁴-
550 2621 669 2651 acuta
698 2625 778 2650 om.
810 2608 900 2649 Par.
927 2614 964 2650 6.
996 2608 1139 2664 camp,
1163 2610 1275 2653 Sich,
1307 2615 1399 2653 fort,
1421 2612 1549 2654 Amb.
1567 2620 1605 2654 1,

147 2683 334 2739 quoniam
371 2681 457 2722 ead.
525 2682 593 2734 qui
633 2681 673 2719 in
713 2677 799 2719 cad.
845 2675 985 2718 Turio.
1036 2677 1107 2732 (ut
1144 2677 1298 2735 Bern.)
1344 2680 1450 2721 Flor.
1511 2685 1609 2735 quin

1067 2745 1152 2787 (32
