1757 2979
184 154 265 195 426
617 154 886 211 Supplemer‘tra
915 156 1176 204 annotationis

186 275 322 304 orator
346 276 471 320 potest
500 265 711 321 aliquando
738 269 888 305 mittere
914 265 1063 306 casus?
1106 263 1221 317 Quin
1251 267 1442 319 ejusmodi
1463 270 1614 323 aliquid

186 337 476 386 expectaveris:
517 345 557 374 ui
578 337 777 388 quisquam
796 336 897 373 sciat
918 345 1078 386 orator,
1119 337 1184 389 qui
1207 334 1417 389 aliquando
1448 336 1615 375 incidere

182 403 333 453 possint
353 418 478 445 casus,
537 400 618 441 Sed
637 401 739 442 hauc
761 415 831 453 ego
851 416 934 440 non
956 402 1125 440 dixerim
1143 403 1463 442 emendationem
1481 403 1594 454 esse]

270 475 279 488 ⁸
298 470 334 521 §.
367 471 406 511 4.
464 468 691 507 studiorum.
732 466 799 508 Sic
819 467 907 508 Par.
932 474 967 509 1.
1021 469 1149 509 studio
1184 468 1272 510 Par.
1296 476 1335 511 2.
1360 475 1397 509 6.
1484 486 1618 512 conse·

186 550 356 588 que-mur,
392 535 458 575 Sic
481 534 569 575 Par.
589 541 629 575 2.
677 538 940 590 consequimur
959 535 1049 577 Par.
1075 542 1119 577 1.
1135 542 1174 578 6.

298 604 333 655 §.
368 608 405 643 5.
466 619 514 642 ac
532 601 686 642 secuml.
729 602 795 643 Sic
816 619 972 656 prorsus
991 603 1119 646 Amb.
1138 602 1192 645 2.'

297 674 332 721 §.
369 674 405 709 6.
463 671 529 708 via
569 669 681 712 dicct.
731 668 821 711 Par.
854 675 892 712 1.
924 677 963 711 5.
1003 687 1042 712 υ.
1074 672 1236 713 (licetur.
1296 669 1420 713 Amb.
1447 675 1485 711 2.
1514 672 1618 709 viam

186 736 356 776 ducetur.
396 733 483 774 Par.
506 742 545 776 2.
570 740 679 776 viam
699 737 834 777 discet.
882 736 972 779 Par.
997 744 1033 779 6.
1053 751 1178 781 aulem
1199 738 1347 781 atlucet,

297 807 330 855 ξ.
361 807 401 843 7.
459 802 584 856 qffusa
605 814 704 847 sunt,
743 804 811 845 Sic
830 804 921 846 Par.
945 812 985 847 2.
1063 807 1130 861 qff]
1152 808 1227 845 sini
1246 805 1334 846 Par.
1359 811 1396 845 1.
1418 809 1457 846 6.
1496 802 1620 844 Amb.

185 878 225 912 2.
249 870 354 924 quod
373 871 530 909 videtur
550 879 760 922 praestare.
846 872 979 912 multa,
1019 871 1195 913 Simpar.
1221 879 1258 913 1.
1279 880 1318 913 2.
1367 888 1480 926 quam
1498 870 1621 910 multa

184 937 277 977 Par..
296 942 333 977 1.
395 936 490 990 (Sic
518 935 681 979 Pottier,
712 938 781 976 sed
801 939 964 979 fortasse
992 941 1118 978 voluit
1138 938 1202 994 6.)
1261 938 1308 977 In
1333 937 1442 978 Flor.
1460 953 1543 979 non
1565 945 1621 976 est

184 1021 317 1060 quam,
356 1005 424 1043 sed
450 1003 571 1044 multo
604 1020 625 1043 a
645 1007 772 1059 prima
795 1019 919 1043 manu
941 1014 978 1045 et
997 1015 1158 1046 correct.
1180 1004 1313 1048 multa,

292 1073 327 1124 ξ.
360 1076 399 1113 8.
454 1071 668 1127 paululum.
709 1070 776 1111 Sio
797 1070 885 1113 Par.
910 1077 948 1111 1.
995 1073 1154 1129 paulum
1173 1071 1262 1112 Par.
1284 1079 1324 1113 2.
1349 1077 1386 1115 6,
1432 1070 1556 1111 AJub.
1577 1076 1617 1110 2.

183 1142 307 1194 ipsum
339 1155 381 1179 os
409 1155 554 1193 quoque
582 1141 790 1180 concurrit.
837 1138 927 1179 Par.
959 1145 995 1179 1.
1020 1147 1059 1183 2.
1086 1146 1123 1180 6.
1164 1138 1288 1180 Amb.
1317 1145 1356 1180 2.
1388 1141 1512 1193 ipsum
1543 1140 1621 1178 coit

185 1218 299 1262 atque
318 1223 425 1247 conc.

298 1275 335 1325 §.
368 1280 407 1315 9.
466 1270 684 1314 elocutioni.
722 1272 849 1318 Amb,
873 1280 912 1316 2.
942 1277 1100 1316 omittit.

297 1343 335 1393 §.
369 1346 434 1382 10.
494 1351 658 1396 oportet.
700 1339 846 1383 Omitt.
872 1341 997 1382 Amb.
1020 1349 1058 1383 2.
1142 1358 1284 1384 sumus.
1316 1339 1382 1382 Sic
1403 1339 1493 1382 Par.
1518 1345 1555 1381 1.
1579 1347 1621 1383 2.

186 1415 225 1456 6„
259 1408 385 1450 Amb.
408 1414 446 1449 2.

298 1479 335 1528 §.
369 1481 435 1519 11.
493 1475 750 1521 irrationalis,
799 1475 892 1519 Par,
923 1482 959 1517 1.
991 1483 1031 1517 2.
1062 1480 1102 1519 6.
1141 1474 1265 1516 Amb.
1301 1481 1340 1516 2.
1371 1477 1623 1516 irrationabi-

185 1544 246 1586 lis.
331 1560 421 1598 qua.
466 1541 534 1584 Sic
562 1542 654 1585 Par.
687 1549 724 1584 1.
751 1550 792 1585 2.
826 1549 866 1584 6.
895 1543 1021 1585 Amb.
1055 1550 1094 1584 2.
1183 1546 1388 1584 emiserint.
1437 1542 1560 1583 Amb.
1583 1550 1621 1584 2.

185 1614 377 1651 miserint.

301 1680 335 1730 ξ.
370 1683 433 1717 12.
490 1676 556 1716 sed
575 1676 816 1717 tumultuari.
857 1677 938 1718 Sic.
959 1677 1085 1719 Amb.
1110 1683 1149 1717 2.
1200 1675 1261 1716 At
1281 1675 1371 1717 Par.
1398 1682 1435 1718 1.
1458 1684 1496 1718 2.
1519 1684 1556 1718 6.
1587 1695 1619 1718 s,

187 1746 444 1785 tumultuarii.

299 1816 334 1866 ξ.
367 1818 433 1853 13.
491 1810 626 1851 video.-
666 1827 751 1852 curn
781 1827 823 1853 eo
854 1810 967 1866 qnod.
1020 1810 1112 1860 Par,
1135 1816 1173 1851 2.
1194 1826 1272 1851 sec.
1293 1826 1349 1852 m.
1373 1811 1482 1852 video
1505 1812 1620 1866 quod.

186 1881 278 1924 Par.
312 1886 350 1923 1.
385 1886 424 1921 5.
454 1885 492 1919 6.
522 1878 646 1920 Amb.
668 1885 706 1919 2.
740 1878 851 1932 (sine
871 1877 1006 1932 video)
1037 1894 1121 1917 cum
1143 1896 1185 1919 eo
1209 1879 1325 1934 quod.
1399 1879 1511 1936 ᾖτε).
1537 1897 1622 1921 acc.

188 1949 255 1990 Sic
277 1948 368 1989 Par.
392 1953 430 1987 1.
456 1952 493 1987 6.
509 1978 519 1998 ,
564 1947 632 1986 sed
653 1945 744 1986 Par.
766 1951 803 1985 2.
826 1961 902 1986 seo.
926 1961 981 1986 m.
1007 1949 1126 1987 inser.
1149 1950 1258 1987 enim.

282 2018 340 2067 §.
375 2018 439 2055 14.
467 2030 476 2041 ·
499 2019 573 2066 ait,
605 2013 853 2053 dictitabant.
894 2012 962 2053 Sic
986 2012 1076 2053 Par.
1099 2019 1137 2054 2.
1160 2018 1198 2054 5.
1222 2019 1258 2054 6.
1278 2015 1487 2054 traduntur
1506 2014 1624 2055 exhi—

187 2086 305 2135 bere,
336 2084 405 2123 sed
424 2084 582 2133 dubito,
613 2096 710 2120 nam
727 2079 852 2120 Amb.
875 2086 915 2120 2.
938 2091 980 2119 ut
1004 2081 1136 2121 Cicero
1155 2080 1395 2121 dictitabant.
1451 2081 1513 2123 At
1542 2086 1623 2136 aje-

190 2153 281 2191 bant
302 2151 392 2192 Par.
414 2156 454 2190 2.
474 2165 551 2189 sec.
574 2164 629 2188 m.
672 2148 768 2186 dicit
792 2148 943 2202 ajebani
964 2147 1051 2188 Par.
1071 2154 1107 2188 1.

300 2223 337 2272 ξ.
367 2222 433 2258 15.
490 2227 578 2256 suni
597 2216 650 2256 al.
698 2215 790 2256 Par,
812 2221 849 2256 1.
872 2219 947 2255 sint
967 2215 1019 2254 al.

303 2289 340 2338 §.
371 2290 436 2326 16.
493 2282 565 2323 Acl
596 2282 811 2324 dicendum.
861 2281 929 2324 Sio
958 2283 1047 2324 Par.
1082 2289 1119 2324 1.
1149 2289 1189 2324 2.
1286 2282 1461 2322 stimulos
1493 2283 1621 2324 habet.

191 2353 258 2394 Sic
289 2353 382 2393 Par.
407 2358 443 2391 1.
467 2357 505 2392 2.
529 2355 567 2391 6.
627 2349 709 2392 Sed
742 2349 863 2391 Amb.
893 2355 932 2393 2.
965 2351 1104 2391 addita
1128 2350 1329 2391 dicendum
1357 2352 1471 2390 etiam
1496 2351 1624 2404 pudor

191 2418 388 2471 stimulos,
427 2429 626 2473 ult-umque
658 2417 783 2457 videri
814 2419 965 2458 omissis
994 2420 1179 2473 reliquis:
1220 2426 1259 2458 et
1289 2417 1409 2457 habet
1438 2421 1511 2457 ista
1538 2417 1623 2458 laus

194 2488 440 2527 dicendorum
464 2486 651 2526 nonnihil
683 2488 924 2525 offensionis.
985 2485 1120 2538 [Nihil
1147 2486 1265 2539 igitur
1293 2484 1341 2523 de
1368 2497 1551 2524 concentu
1571 2501 1621 2525 an

193 2567 372 2608 congestu
396 2557 615 2607 signorum,
657 2555 726 2593 sed
747 2553 904 2593 abunde
927 2568 996 2606 pro
1018 2557 1085 2593 illo
1110 2556 1268 2593 testium
1291 2554 1530 2605 optimorum
1551 2562 1620 2603 est,

193 2637 322 2676 neque
359 2632 577 2675 congestum
606 2624 824 2676 signorum,
863 2622 905 2660 id
934 2632 991 2661 est
1021 2625 1146 2662 aciem
1171 2621 1374 2661 confusam
1405 2629 1442 2660 et
1472 2620 1622 2659 inordi-
