1757 2979
193 174 275 214 422
646 174 914 229 Supplemenia
941 177 1205 216 annotationis

200 285 423 326 offenderit.
482 284 566 327 Sed
593 287 690 342 quid
716 285 880 326 tandem
901 287 1068 339 impedit
1087 289 1301 342 quominus
1319 293 1423 326 recte
1442 288 1633 327 scribatur

200 351 413 407 offinsaius
429 352 596 412 fierit?
641 353 745 394 Nam
768 355 870 393 sicut
897 353 1091 408 offendere
1119 363 1157 393 et
1185 353 1332 409 Qffffldi
1355 354 1520 393 dicimus
1542 368 1635 392 eum

202 422 273 473 qui
290 419 427 459 haeret
450 430 488 460 et
509 421 684 472 dubitat,
723 422 778 460 sio
800 423 919 460 etiam
939 422 1132 476 offensare
1153 430 1192 462 et
1211 420 1410 476 ffnsari.
1465 419 1637 475 Reliqua

203 494 292 524 utro
312 488 432 526 modo
452 489 665 526 efferantur
683 502 767 526 non
787 491 959 527 multum
978 491 1141 528 interest
1153 517 1165 537 ,
1202 488 1272 528 sed
1289 496 1484 541 praestare
1503 496 1637 526 tamen

203 553 360 593 videtur
379 554 532 594 tardior
553 553 754 594 scribendo
780 565 847 595 ant
866 557 1051 595 incertior
1073 555 1268 609 legenda]

317 634 352 684 ᾧ.
382 636 449 671 21.
507 630 696 673 altiorem,
743 631 870 674 Amb.
905 639 946 674 2.
980 633 1179 673 abtim-em.
1279 643 1376 673 verr.
1409 630 1523 676 latus,
1573 629 1640 676 Sic

205 694 296 737 Par.
319 703 357 738 2.
385 712 463 738 sec.
491 712 570 748 m.,
618 700 687 739 sed
714 698 839 741 Amb.
861 706 901 741 2.
929 700 1018 742 Par.
1042 706 1081 741 1.
1112 705 1151 741 6.
1181 715 1260 740 om.
1318 699 1456 753 [Nihil
1483 701 1643 752 propius

206 765 257 802 ad
289 764 470 803 codicum
499 768 731 817 scripturam
758 768 943 808 accedere
966 769 1147 820 videtur,
1185 782 1306 822 quam
1331 765 1505 806 scindere
1529 765 1643 814 latus,

208 843 339 884 neque
366 832 473 868 enim
500 830 730 884 objurgare,
769 846 852 870 non
878 835 1028 882 adjecto
1060 838 1230 876 ablativo
1258 834 1533 883 instrumenti,
1575 846 1646 885 pro

203 896 329 951 [ἰν-ἱνα
368 905 447 948 est,
505 898 575 936 sed
614 899 922 951 intelligendum
963 907 1030 938 aut
1069 901 1235 953 aliquem
1266 909 1333 938 aut
1361 911 1474 939 semet
1508 902 1645 953 ipsum.

211 961 411 1013 Quocirca
432 963 464 1004 F
466 965 733 1006 rotscheriano
764 968 928 1005 invento
958 967 1082 1004 sinum
1103 977 1138 1005 et
1159 966 1258 1018 lagus
1276 968 1428 1004 inierim
1445 966 1651 1020 objurgare

210 1044 294 1069 non
316 1038 418 1069 utor.
481 1031 647 1072 Caedere
662 1044 796 1088 pecias
814 1036 897 1087 ipse
920 1031 1091 1084 Quintil.
1115 1034 1210 1074 dicit
1227 1031 1307 1084 XI,
1329 1038 1369 1086 3,
1391 1033 1510 1086 123.]

325 1109 360 1161 §.
392 1114 456 1148 22.
511 1113 830 1164 potentissimum.
871 1109 938 1151 Sic
964 1110 1054 1152 Par.
1075 1116 1115 1151 6.
1163 1113 1406 1166 potissimum
1433 1110 1524 1151 Par.
1549 1115 1586 1150 1.
1609 1116 1651 1152 2.

322 1187 359 1237 §.
391 1191 458 1227 23.
518 1190 705 1241 respexit.
745 1188 814 1229 Sic
834 1188 925 1230 Par.
951 1194 987 1229 1.
1011 1195 1051 1231 2.
1074 1195 1110 1230 6.
1131 1189 1256 1232 Ajnb.
1276 1194 1317 1230 2.
1372 1188 1651 1244 prop.jiaeerat.

213 1252 281 1294 Sic
312 1253 402 1294 Par.
433 1259 469 1294 1.
492 1258 532 1294 2.
591 1266 674 1293 erat
702 1255 795 1297 Par.
815 1261 853 1296 6.
912 1256 1050 1309 [Nthl
1073 1260 1194 1310 igitur
1226 1272 1246 1296 e
1278 1255 1421 1297 Pariss.
1455 1257 1654 1303 codicibus

216 1322 380 1360 affertur
401 1321 448 1360 de
470 1323 693 1361 litterarum
710 1326 789 1363 illis
806 1326 912 1364 tricis
932 1333 1022 1363 ante
1036 1324 1249 1378 jucundus,
1290 1325 1338 1363 de
1369 1326 1510 1378 quibus
1537 1322 1655 1376 Spal-

216 1389 371 1442 dingius
390 1390 587 1427 laborasse
608 1405 691 1429 sese
710 1405 784 1431 nec
807 1399 940 1430 tamen
961 1395 1172 1447 quicquam
1192 1394 1388 1432 invenisse
1409 1391 1517 1430 dicit.
1574 1389 1656 1430 Sed

215 1453 471 1494 Frotscherus
491 1457 594 1495 illud
614 1459 692 1496 vim
718 1457 870 1497 demoni
889 1461 1054 1511 putabat
1075 1474 1156 1498 esse
1186 1469 1228 1497 ut
1248 1457 1498 1497 Demostheni
1516 1458 1657 1496 admo-

217 1522 315 1562 dum
337 1524 595 1575 probabiliter
626 1526 849 1564 litterarum
877 1527 1016 1565 ductus
1046 1535 1224 1577 secutus,
1263 1526 1333 1565 sed
1350 1524 1453 1563 nihil
1475 1527 1656 1577 amplius.

215 1587 320 1629 Nam
354 1591 462 1643 quod
493 1599 629 1642 postea
670 1590 945 1642 Quintilianus
986 1592 1270 1632 Demosthenis
1309 1595 1492 1645 exemplo
1522 1595 1658 1647 utitur,

218 1658 346 1694 obstat
384 1659 531 1707 etiam,
579 1671 631 1695 ne
669 1660 749 1708 jam
788 1659 865 1698 hoo
901 1663 990 1698 loco
1026 1663 1132 1699 illius
1172 1662 1380 1699 auctoritas
1411 1659 1657 1698 adhibeatur.

220 1720 326 1761 Mihi
356 1723 518 1776 quidem
550 1725 600 1762 ad
640 1727 950 1765 concinnitatem
980 1728 1112 1766 deesse
1147 1727 1304 1765 videtur
1334 1728 1551 1778 genitivus,
1592 1727 1661 1779 qui

222 1797 442 1842 opponatur
475 1794 651 1842 genitivo
677 1791 921 1843 studiorum,
969 1802 1008 1832 et
1037 1795 1198 1831 fortasse
1229 1795 1348 1831 etiam
1376 1794 1660 1841 nominativus,

221 1859 255 1895 si
284 1859 457 1895 inveniri
481 1861 624 1910 possit,
671 1861 736 1898 cui
762 1861 997 1912 respondeat
1032 1859 1224 1900 hortator.
1285 1847 1459 1898 Multum
1491 1860 1663 1898 versanti

222 1914 358 1979 iocum
388 1924 544 1963 vivendi
571 1928 740 1965 monitor
777 1929 1027 1974 occurrebat,
1078 1927 1147 1964 sed
1177 1941 1260 1964 non
1293 1927 1488 1979 placebat.
1546 1924 1666 1965 Nunc

223 1991 387 2045 quidem
413 1990 581 2044 jucunde
611 1991 766 2031 vivendi
790 1995 881 2032 satis
905 1988 1024 2046 puto,
1064 1996 1155 2047 quia
1174 2008 1256 2032 non
1275 1993 1403 2032 habeo
1423 1995 1591 2032 melius:
1620 1994 1666 2030 ni

223 2065 361 2096 tamen
379 2067 460 2097 tota
482 2058 580 2098 haec
601 2060 741 2098 frustra
758 2070 934 2113 suscepta
954 2076 1072 2114 opera
1093 2070 1150 2100 est
1169 2070 1207 2099 et
1222 2060 1414 2100 videmoni
1431 2059 1536 2098 nihil
1556 2060 1666 2099 aliud

227 2133 285 2164 est
309 2127 387 2164 nisi
421 2127 529 2181 quod
556 2135 645 2180 post
674 2130 853 2182 sequitur
881 2127 1032 2168 videtur
1053 2131 1129 2167 alio
1153 2137 1192 2168 et
1211 2130 1370 2168 fortasse
1391 2129 1554 2166 meliore
1575 2130 1663 2167 loco

226 2195 413 2245 positum.

341 2273 376 2321 §.
410 2274 477 2311 25.
532 2271 635 2311 velut
656 2282 790 2312 tectos.
828 2271 954 2313 Amb.
979 2278 1018 2313 2.
1041 2275 1180 2325 etipse
1209 2281 1345 2311 rectos.
1402 2267 1541 2325 Itaque
1569 2273 1666 2310 sim-

229 2337 488 2388 plicissimnm
517 2340 674 2379 videtur
702 2354 784 2379 esse
814 2339 918 2379 velut
952 2350 1149 2387 arrectos,
1197 2333 1386 2392 cogitanti
1417 2341 1537 2378 etiam
1564 2337 1666 2376 velut

231 2417 347 2456 saepe
376 2407 493 2444 scribi
522 2405 658 2458 velud,
707 2415 746 2446 et
786 2407 839 2446 ad
878 2411 919 2446 in
949 2409 1231 2461 compositione
1262 2407 1428 2454 servari,
1475 2413 1520 2444 ut
1549 2405 1668 2443 fuerit

231 2469 346 2509 velud
365 2471 556 2513 adrectos.
1361 2476 1364 2477 ⁷
1492 2478 1497 2482 ’

344 2553 381 2601 §.
412 2555 480 2591 26.
541 2552 647 2592 haud
667 2553 801 2593 deerit.
841 2551 908 2592 Sic
926 2552 1015 2593 Par.
1036 2559 1076 2594 2.
1097 2567 1175 2592 sec.
1198 2566 1254 2591 m.
1299 2560 1363 2588 aut
1384 2547 1423 2588 tl.
1454 2546 1544 2587 Par.
1569 2551 1605 2586 1·
1627 2550 1664 2585 6.

346 2629 382 2677 §-
415 2634 480 2669 28.
541 2631 757 2684 impedient.
794 2630 858 2672 Sic
871 2630 993 2671 Amb.
1009 2637 1047 2672 2.
1061 2629 1149 2671 Par.
1165 2635 1202 2670 1.
1217 2633 1256 2669 6.
1296 2625 1505 2681 impediunt
1524 2623 1613 2666 Par.
1627 2629 1664 2664 2.
