1721 2974
142 191 223 226 222
503 183 505 185 ’
593 182 868 239 3ηρρῖι·ιηεη1α
897 184 1161 223 annotationis

140 312 237 337 nam
278 308 450 338 actutum
484 299 561 338 sibi
598 297 818 350 displicere.
879 294 996 336 Certe
1035 311 1119 336 non
1156 298 1304 350 legitur
1341 300 1438 337 alias
1479 302 1586 353 apud

141 363 459 416 QuIntilianum.
576 363 754 402 devertit.
814 362 851 403 T
856 367 951 404 urio.
977 379 999 403 a
1024 380 1104 404 sec.
1134 379 1190 404 m.
1217 362 1342 406 Goth.
1375 364 1515 421 Cfflnp.
1547 376 1587 408 et

139 434 230 473 edd.
262 449 373 473 meae
404 447 541 473 omnes
573 440 664 470 ante
692 428 810 471 LeId.
843 429 1016 472 divertit.

251 503 289 553 §.
322 503 386 543 14.
446 498 805 552 Παρὲκβασις.
865 497 1003 539 Turio.
1035 497 1411 554 παρερβὰσεις.
1459 499 1586 540 Amb.

142 575 179 610 1.
209 570 457 625 parcuhasiS.
556 565 736 620 alicujus.
787 565 855 606 Sic
883 569 1006 605 etiam
1033 566 1159 607 Amb.
1184 573 1220 608 1.
1243 573 1284 607 2.
1313 566 1402 608 Par.
1426 574 1463 608 1.
1490 573 1587 609 2.3.

247 638 488 692 pertinentis.
549 631 674 674 Goth.
704 632 821 673 Voss.
840 639 878 674 2.
905 637 1114 688 pertinens..
1221 651 1292 675 cur
1316 634 1428 676 hunc.
1475 635 1585 676 Flor.

137 708 255 745 inser.
297 704 383 744 Ῐιοε·Ὶ
496 704 710 755 assignent.
766 701 893 743 Aan.
929 708 966 743 1.
1006 705 1226 755 assignant.
1339 702 1415 742 Ῐιοο
1452 719 1589 743 nomen.

139 776 211 813 ita.
273 773 339 812 Sic
368 774 491 811 etiam
528 769 637 810 Flor.
686 768 799 808 Ante
829 768 984 824 Gryph.
1019 773 1148 810 omitt.
1180 787 1314 810 nomen
1344 769 1456 812 Sich.

135 844 172 880 si
211 838 377 894 aliquid.
447 837 584 881 Guelf.
625 836 752 878 Aan.
785 843 825 878 2.
868 841 908 877 si
944 836 1079 879 alicui.
1147 837 1267 879 Voss.
1303 843 1340 879 1.
1379 843 1419 879 3.
1457 837 1585 880 Bern.

136 911 173 948 si
199 908 315 948 alius.
1440 921 1443 923 ’

250 977 288 1027 §.
320 979 386 1016 15.
446 972 646 1030 quidquid.
695 972 830 1015 Turio.
851 973 959 1028 quid.
1062 972 1262 1030 refutatio.
1309 972 1448 1015 Turio.
1471 976 1587 1013 resti-

133 1046 246 1084 tutio.
342 1043 418 1082 his.
464 1041 564 1083 ΑΜ.
588 1044 650 1082 iis.
733 1044 910 1082 minutio.
955 1039 1081 1081 Amb.
1109 1046 1145 1081 1.
1178 1044 1350 1094 omittite,
1399 1057 1474 1082 nec
1493 1045 1586 1095 pla-

133 1122 196 1153 cet
218 1114 304 1151 sine
327 1112 485 1164 copula.
573 1125 696 1150 omne.
745 1107 872 1149 Aan.
897 1113 934 1149 1.
955 1107 1088 1149 Turio.
1109 1109 1218 1149 Flor.
1243 1125 1265 1149 a
1285 1125 1345 1163 pr.
1363 1125 1420 1150 m.
1444 1113 1582 1150 omnis.

212 1177 441 1233 jucundam.
479 1176 616 1218 Turio.
632 1176 859 1230 jocundam.
947 1192 1089 1216 rerum.
1129 1175 1267 1217 Turio.
1288 1193 1384 1231 apr.
1397 1192 1453 1217 m.
1467 1194 1585 1217 rcum.

245 1252 281 1300 §.
316 1251 381 1288 16.
438 1244 518 1285 Sed
548 1245 737 1301 plurima.
794 1243 930 1284 Etiam
959 1244 1084 1284 Aan.
1119 1250 1155 1284 1.
1189 1253 1228 1284 et
1255 1243 1364 1285 Flor.
1393 1260 1416 1284 a
1435 1261 1495 1298 pr.
1524 1260 1582 1285 m.

135 1327 171 1356 ct
209 1315 397 1370 plurima.
522 1323 623 1354 sunt.
679 1312 788 1353 Flor.
830 1327 854 1351 a
887 1328 947 1366 pr.
979 1328 1035 1353 m.
1070 1315 1198 1352 omitt.
1312 1311 1414 1351 nihil
1438 1329 1583 1352 secum.

134 1383 270 1427 Guels.
301 1381 427 1422 Aan.
458 1387 499 1422 2.
539 1397 615 1421 non
647 1379 873 1420 secundum.
934 1378 1034 1420 Ald.
1067 1396 1142 1419 non
1173 1396 1316 1421 secum.
1430 1396 1486 1420 ex
1514 1397 1584 1420 ne-

133 1454 325 1492 cessitate.
383 1449 522 1490 Turic.
553 1465 608 1488 ea?
636 1450 913 1488 necessitatem.
969 1446 1061 1488 Par.
1096 1453 1133 1488 1.
1166 1453 1204 1488 3.
1237 1452 1366 1489 omitt.
1397 1463 1468 1488 ex.

132 1520 314 1560 dicimus.
370 1516 496 1557 Amb.
520 1522 558 1557 1.
591 1515 713 1557 Goth.
748 1515 935 1565 ducimus,
969 1517 1075 1570 quod
1104 1519 1280 1556 malebat
1307 1516 1582 1571 Spaldiug1us.

255 1587 291 1624 si
322 1584 430 1639 quid.
487 1584 624 1624 Turio.
670 1583 780 1624 Flor.
824 1599 847 1623 a
876 1600 935 1636 pr.
975 1599 1030 1623 m.
1071 1585 1106 1622 si
1134 1583 1248 1638 quocl.
1313 1583 1434 1626 Voss.
1468 1591 1507 1626 1.
1539 1592 1580 1627 3.

129 1654 254 1696 Bern.
285 1655 321 1691 si
351 1654 450 1707 quis·
499 1651 624 1692 Amb.
656 1657 696 1692 2.
729 1654 836 1705 quis,
868 1654 1010 1690 omisso
1038 1653 1084 1690 si.
1142 1649 1278 1691 Guelf.
1309 1652 1405 1706 quicl
1427 1656 1472 1692 si.

129 1725 378 1763 interventus.
435 1719 544 1760 Jens.
577 1717 677 1759 Loc.
707 1718 815 1758 Ven.
850 1720 1148 1757 intervenientis.

245 1791 282 1841 §.
316 1793 381 1829 17.
436 1786 517 1828 Cic.
549 1803 709 1842 quoque.
760 1785 870 1826 Jens.
911 1795 950 1825 et
980 1794 1071 1825 cett.
1103 1795 1194 1824 ante
1223 1784 1400 1826 Badimn
1429 1804 1581 1843 quoque

135 1857 221 1899 Cic.
337 1854 505 1909 digredi.
576 1853 712 1895 Turio.
754 1868 775 1892 a
806 1869 866 1906 pr.
896 1868 950 1893 m.
989 1852 1100 1892 Alm.
1141 1852 1266 1893 Amb.
1306 1860 1347 1895 2.
1388 1854 1506 1896 Voss.
1537 1862 1579 1897 3.

133 1925 308 1979 degredi.
446 1939 536 1978 qua.
599 1920 737 1961 Turio.
776 1920 882 1960 Flor.
920 1935 943 1959 a
978 1936 1037 1974 pr.
1078 1935 1133 1960 m.
1177 1923 1285 1975 quia.
1413 1922 1579 1965 Poterit.

129 1993 240 2035 Flor.
273 2008 296 2031 a
326 2008 386 2046 pr.
419 2007 475 2031 m.
515 1988 642 2029 Amb.
675 1995 714 2029 2.
756 1987 847 2028 Par.
879 1992 918 2029 5.
958 1998 1104 2042 potest,
1154 1992 1420 2030 verisimiliter
1456 1994 1580 2032 etiam

131 2062 256 2102 Aan.
280 2066 317 2101 1.
432 2057 535 2097 velut
566 2056 946 2097 commendationem.
1004 2056 1112 2097 Flor.
1143 2057 1208 2097 vel
1235 2060 1579 2102 commendatione.

245 2128 398 2182 adjicit.
457 2125 565 2166 Flor.
609 2125 750 2164 adicit.
865 2123 948 2175 At,
989 2126 1069 2179 qui.
1099 2124 1206 2166 Flor.
1230 2125 1355 2166 Amb.
1383 2133 1423 2168 2.
1466 2126 1576 2169 Jens.

132 2195 234 2237 Loc.
283 2199 391 2237 Ven.
440 2197 561 2234 etiam
611 2203 740 2247 atque.
880 2191 1010 2231 media
1059 2196 1236 2248 erumpit.
1303 2193 1412 2234 Flor.
1455 2194 1580 2234 medie

133 2266 292 2319 rumpit.
361 2311 364 2314 ,
418 2262 472 2302 αᾶ
509 2261 552 2301 id
591 2260 673 2300 red.
713 2259 796 2299 deb.
852 2257 992 2313 Camp.
1038 2259 1076 2299 ἅ.
1112 2278 1151 2301 α.
1183 2264 1211 2301 i.
1243 2278 1278 2302 ν.
1401 2261 1578 2304 devertit.

132 2329 253 2372 Goth.
283 2340 323 2372 et
353 2345 491 2370 omnes
518 2329 609 2370 edd.
638 2343 753 2368 meae
783 2336 874 2368 ante
904 2326 1046 2369 Burm.
1078 2328 1254 2370 divertit.

693 2495 730 2537 C
761 2509 790 2536 A
821 2512 861 2538 ι’.
918 2494 1007 2538 IV.

246 2599 284 2649 §.
309 2606 346 2641 1.
396 2598 673 2656 respondimus,
725 2596 879 2640 Cervic.
913 2597 1236 2653 respondebimus,
1322 2598 1573 2641 ostendenda.

130 2665 269 2707 Turio.
308 2667 547 2708 ostentanda.
659 2668 768 2721 poni.
824 2665 914 2706 Par.
949 2671 983 2705 1.
1020 2681 1181 2722 quoque
1215 2670 1397 2722 proponi.
1460 2667 1570 2710 Jens.
