1695 2974
118 149 141 185 4
550 141 823 196 Supplementa
869 143 1131 181 annotationis

696 290 739 334 L
777 302 876 332 113.
947 287 982 330 Ι.

235 385 445 439 Inscriptio
484 386 602 437 hujus
627 389 719 426 libri
747 389 789 426 iu
819 385 955 425 Turic.
989 384 1093 425 Flor.
1124 385 1248 425 Amb.
1282 392 1319 426 1.
1351 387 1450 427 haec
1480 397 1561 429 est:
1581 421 1589 428 .

127 454 452 508 Quemadmodum
471 457 601 508 prima.
620 454 801 492 elementa.
820 452 1008 491 tradenda
1027 456 1102 491 sint
1136 453 1251 506 (Tur.
1266 465 1366 493 sunt.
1386 454 1512 496 Amb.
1526 461 1564 496 1.

124 520 403 574 traducenda).
477 520 620 560 Utilius
660 520 764 560 domi
804 536 853 557 an
894 522 934 557 in
974 519 1119 559 scholis
1148 520 1387 561 erudiantur.
1439 522 1564 575 (Tur.

131 591 268 629 Utrum
301 604 322 627 a
344 603 399 628 m.
433 587 537 640 sec.)
600 587 685 638 Qua
717 588 864 624 ratione
890 588 927 624 in
952 589 1088 640 parvis
1117 589 1273 640 ingenia
1301 588 1566 640 dinoscantur,

125 670 160 697 et
202 673 298 711 quae
337 654 544 694 tractanda
584 656 659 693 sint
710 652 860 706 (Amb.
895 657 930 692 1.
971 664 1005 691 et
1035 653 1151 707 qua).
1211 654 1274 693 De
1298 659 1567 708 grammatice.

126 726 188 764 De
218 725 348 780 officio
375 724 642 775 grammatici.
701 720 770 758 An
809 723 959 759 oratori
975 720 1121 775 futuro
1152 724 1370 760 necessaria
1401 725 1451 761 sit
1479 722 1571 776 plu-

127 795 227 832 rium
257 794 402 829 artium
430 791 608 827 scientia.
669 787 732 825 De
758 790 902 826 musice
942 786 1105 840 (Turio.
1137 802 1160 827 a
1184 803 1239 827 m.
1266 803 1343 829 sec.
1373 788 1568 842 musica).

127 860 189 898 De
217 858 441 911 geometria.
501 856 562 893 De
587 856 719 908 prima
739 855 1074 907 pronunciationis
1102 864 1139 892 et
1163 865 1295 908 gestus
1319 857 1568 911 institutione.

126 927 196 967 An
231 925 349 979 plura
386 922 515 962 eodem
553 931 721 975 tempore
765 920 897 959 doceri
921 924 1053 975 prima
1081 932 1188 961 aetas
1215 925 1357 976 possit.
1415 922 1572 962 Eadem

127 997 319 1032 lemmata
346 999 439 1030 sunt
464 992 508 1027 in
535 987 643 1028 Jens.
674 987 795 1028 Tarv.
830 987 931 1040 (nisi
948 989 1057 1042 quod
1085 989 1224 1028 Utrum
1236 989 1369 1028 utilius
1387 989 1569 1044 habent).

131 1059 270 1113 Camp.
301 1061 417 1097 inser.
451 1064 569 1095 caret.
626 1054 662 1094 E
691 1066 853 1109 posterr.
887 1056 976 1094 edd.
1008 1059 1108 1096 aliae
1139 1060 1265 1097 aliter.
1671 1027 1681 1155 ἓ

553 1166 1132 1209 PROOEMIUM.

242 1262 274 1314 ᾗ.
309 1264 345 1299 1.
404 1260 567 1313 quietem
607 1273 723 1311 quam
763 1257 873 1298 Jens.
904 1255 1002 1297 Loc.
1036 1256 1158 1298 Tarv.
1187 1256 1296 1298 Ven.
1324 1257 1426 1298 ΑΜ.
1460 1256 1571 1299 Sich.

129 1330 268 1381 Camp.
298 1325 430 1366 Andr.
462 1324 597 1365 Turio.
628 1324 734 1364 Flor.
764 1323 886 1364 Paris.
911 1330 949 1364 1.
987 1371 992 1376 ξ
1038 1324 1249 1365 reluctatus
1267 1325 1442 1380 equidem
1463 1324 1571 1365 Flor.

209 1397 403 1449 pertinent
439 1392 577 1433 Turio.
618 1391 758 1445 Camp.

1546 1144 1547 1148 ¹
1600 1140 1616 1157 ὃ

242 1465 275 1515 ξ.
304 1467 344 1501 2.
404 1459 698 1514 deprecationis.
743 1462 842 1499 Tur.
874 1474 897 1498 a
925 1474 979 1497 m.
1009 1475 1088 1500 sec.
1128 1459 1412 1513 trepidationis.
1499 1459 1576 1500 hac

132 1545 210 1570 om.
245 1527 367 1568 Goth.
402 1530 596 1581 probante
635 1524 756 1566 Gesn.
873 1527 1019 1566 divisas
1048 1526 1146 1566 Tur.
1177 1526 1297 1567 Bodl.

241 1598 272 1649 Q.
305 1601 343 1635 3.
403 1595 450 1633 cle
478 1595 689 1633 demererer
710 1593 742 1632 F
743 1596 816 1633 lor.
840 1594 944 1632 fleme
966 1588 1131 1634 menerer
1147 1593 1268 1635 Bodl.
1289 1592 1404 1634 AJJ‘n.
1435 1593 1572 1636 Turio.

131 1665 201 1718 (ut
232 1662 400 1717 Goth).
514 1661 686 1717 pleniore
714 1661 821 1702 Flor.
850 1661 948 1702 Tur.
973 1660 1097 1703 Goth.
1159 1661 1252 1716 [De
1267 1671 1460 1715 potestate
1478 1678 1574 1715 par-

131 1733 274 1771 ticulae
304 1730 453 1769 demum
482 1727 621 1782 Spald.
653 1731 822 1768 conferri
849 1732 1011 1780 jubebat
1037 1729 1218 1770 Plinium
1246 1728 1373 1783 Epist.
1405 1728 1472 1781 X,
1504 1734 1572 1782 66,

132 1803 155 1839 9
187 1809 225 1838 et
254 1802 386 1851 ipsum
413 1796 657 1848 Quintilian.
689 1794 768 1844 XI,
799 1801 836 1844 3,
869 1796 964 1847 68.]

244 1868 275 1919 ξ.
305 1868 344 1905 4.
406 1880 593 1903 summam
620 1863 708 1902 incle
738 1863 990 1918 eloquentiae.
1051 1863 1148 1903 Tur.
1188 1867 1298 1904 Flor.
1330 1863 1438 1904 Jens.
1469 1881 1574 1904 sum-

1662 1593 1664 1595 >
1674 1570 1677 1590 1

130 1949 230 1971 mam
269 1935 309 1971 in
346 1932 594 1986 eloquentiae.
656 1930 795 1984 Camp.
835 1930 968 1971 Andr.
999 1930 1099 1970 Ald.
1128 1930 1239 1971 Sich.
1268 1930 1358 1971 Par.
1391 1937 1429 1972 1.
1461 1947 1573 1973 man.

131 2014 206 2039 sec.
238 1998 356 2039 Voss.
391 2005 426 2039 3.
457 2015 641 2037 summam
671 1997 918 2052 eloquentiae.
973 1996 1172 2038 Poullain.
1204 1999 1292 2037 cod.
1322 2015 1511 2038 summam
1533 2002 1576 2039 in

132 2066 397 2120 eloquentiam.
455 2065 560 2106 Edd.
589 2068 766 2120 reliquae
798 2083 984 2105 summam
1021 2068 1061 2104 in
1099 2065 1338 2120 eloquentia;
1397 2069 1452 2105 sic
1481 2065 1572 2106 Par.

134 2139 170 2173 1.
203 2143 241 2173 et
270 2140 308 2174 2.
383 2132 602 2187 [Ceterum
630 2136 750 2173 falsus
780 2144 836 2174 est
867 2133 1099 2186 Spalding„
1149 2148 1243 2172 omn
1273 2135 1352 2184 ait,
1396 2131 1574 2185 Regium

132 2204 236 2240 male
261 2205 565 2254 interpretatum
595 2216 676 2239 esse
704 2191 768 2252 ir—z,
817 2202 926 2255 quod
956 2209 1038 2240 erat
1067 2201 1352 2254 compendium
1380 2215 1451 2253 pro
1469 2201 1572 2242 inde.

131 2266 170 2307 Is
201 2271 308 2306 enim
337 2272 381 2306 in
410 2268 672 2315 Jensoniana,
724 2283 847 2322 quam
879 2267 1050 2321 Regiani
1089 2276 1221 2308 textus
1265 2268 1575 2307 fundamentum

135 2349 215 2372 esse
256 2350 275 2372 e
313 2338 494 2388 plurimis
533 2337 703 2387 vestigiis
748 2345 879 2388 patet,
919 2338 1075 2376 invenit
1110 2338 1162 2374 in.
1197 2334 1271 2385 S.]
1395 2334 1574 2374 diversae

135 2400 245 2440 Sich.
295 2412 333 2441 et
380 2402 520 2456 Steph.
569 2406 613 2441 iu
656 2417 805 2456 margg.
931 2407 1006 2442 etsi
1045 2405 1283 2443 necessarias
1323 2401 1432 2442 Jens.
1470 2399 1572 2443 Loc-

134 2466 254 2507 Tarv.
287 2467 393 2508 Ven.

251 2536 282 2587 ξ.
317 2539 353 2575 5.
414 2539 632 2577 σγὶεΐίνηενη
659 2537 763 2577 nihil
789 2537 887 2578 Tur.
917 2536 1023 2578 Flor.
1055 2536 1180 2578 Amb.
1205 2541 1242 2577 1.
1274 2534 1347 2590 (in
1371 2535 1448 2575 hoc
1468 2543 1574 2575 certe

139 2609 218 2640 est:
263 2617 345 2640 cum
378 2606 510 2651 existi,
549 2620 681 2660 neque
711 2614 848 2645 tamen
876 2607 926 2646 ob
953 2608 1237 2646 lacerationem
1256 2606 1425 2658 paginae
1446 2602 1574 2644 videri
