1721 2974
319 140 372 181 aa
403 139 565 194 Quintil.
595 138 723 180 Imm.
757 137 884 187 Vm,
917 142 954 178 3.
987 137 1024 188 ς.
1053 113 1249 179 25-471.
1419 142 1495 178 331

181 254 219 304 §.
251 257 315 294 51.
374 254 545 294 summis.
588 251 711 292 Amb.
732 268 757 291 a
779 252 948 290 summis.
1005 246 1118 288 Idem
1138 258 1226 302 post
1245 263 1315 302 pro
1341 249 1499 289 reddam

65 318 187 360 habet
208 320 425 375 quaerenda
440 336 452 360 .-
480 328 667 359 neutrum
689 319 845 359 videtur
865 317 1218 358 contemnendum.

178 390 214 440 §.
248 392 313 429 52.
371 398 425 425 est
453 395 541 439 post
568 382 724 438 ὃμοιολ.
754 388 862 425 abest
885 388 933 424 ab
954 384 1077 425 Amb.
1165 400 1280 438 eaque
1302 394 1337 422 et
1352 395 1500 424 senien-

0 486 1 492 ,
63 455 132 492 tiis
150 463 223 495 cet.
277 453 432 494 Vereor
453 468 505 492 ne
526 453 635 493 hunc
663 456 798 493 locum
825 451 1104 506 Spaldingius‚
1146 452 1241 491 dum
1265 454 1500 505 scripturam

62 524 277 560 meliorum
296 521 480 560 codicum
496 523 676 572 negligit,
696 529 833 560 contra
849 535 984 560 veram
1004 522 1198 573 scriptoris
1213 528 1390 558 mentem
1406 534 1500 572 pro-

0 631 1 651 ἢ
62 591 211 628 tulerit.
272 586 340 628 Sic
369 590 490 640 igitur
520 586 644 626 Amb.
668 604 786 642 caque
805 598 840 626 et
861 590 900 626 in
921 590 1115 626 sententiis
1137 597 1170 625 et
1189 589 1230 626 in
1234 589 1384 642 figuris
1404 598 1438 625 et
1459 590 1500 626 in

59 656 277 708 positione,
319 653 430 707 longe
458 670 532 693 non
562 656 705 692 animis
732 653 855 692 solum
878 677 934 684 —·
965 655 1243 707 ingratissima.
1298 653 1499 694 Positione

0 755 1 781 ἰ
61 723 250 774 intelligit
275 725 489 761 nominum
517 736 628 761 casus
660 722 952 776 verborumque
982 729 1161 775 tempora
1189 724 1369 761 similiter
1393 723 1500 761 desi-

59 791 214 829 nentia.

177 857 212 908 §.
246 859 312 896 53.
371 854 519 897 Omisit
554 854 690 909 Spald.
718 870 927 910 excerpere
951 857 994 894 in
1016 852 1137 896 Amb.
1153 857 1233 909 legi
1259 856 1308 894 T.
1328 854 1498 896 Livium.

0 910 2 930 '7
61 921 197 976 Vngo
221 925 415 962 omittitur
439 937 695 976 praenomen.

172 991 209 1042 §.
239 990 308 1030 54.
367 992 535 1044 quicum
560 993 598 1029 in
617 991 801 1031 Pansam.
850 988 1108 1029 Ambrosiani
1137 996 1174 1030 1.
1201 1000 1383 1044 corrupta
1402 993 1501 1031 scri-

57 1065 175 1109 ptura
214 1066 438 1096 ceterorum
472 1067 609 1097 tamen
642 1059 826 1097 codicum
864 1061 897 1097 si
937 1058 1010 1097 diis
1044 1060 1176 1110 placet
1202 1059 1500 1099 emendationes

57 1127 250 1177 explicat,
300 1127 364 1164 cui
383 1114 615 1180 &15eron
676 1125 768 1165 Non
797 1141 892 1178 opus
917 1126 1074 1165 videtur
1102 1129 1265 1164 nomine
1295 1128 1500 1176 cujusdam

58 1192 258 1242 hominis,
306 1195 349 1230 in
381 1207 503 1246 quem
532 1192 684 1232 Hirtius
713 1194 965 1242 declamarit,
1008 1195 1200 1246 quoniam
1220 1196 1313 1232 illae
1338 1194 1500 1232 schola-

58 1262 180 1298 sticae
207 1259 318 1298 haud
347 1260 490 1299 dubiae
519 1263 818 1300 exercitationes
848 1262 1033 1312 fuerunt,
1088 1261 1158 1299 sed
1180 1260 1313 1300 Pansa
1342 1262 1500 1302 videtur

57 1328 199 1366 inesse.
255 1325 288 1365 F
292 1335 366 1367 ort.
397 1329 478 1366 sive
503 1330 535 1365 is
563 1326 696 1367 Pansa
711 1327 814 1384 ftaeil.

170 1395 205 1446 ᾧ.
236 1397 302 1434 55.
359 1411 385 1433 a
406 1393 515 1448 relig.
562 1393 632 1434 Ab
658 1393 784 1434 Amb.
817 1395 924 1433 abest
943 1396 1193 1447 praepositio.

170 1462 208 1514 §.
239 1466 305 1503 56.
365 1462 517 1511 Kame}
574 1461 700 1501 Amb.
737 1465 792 1501 sic
836 1459 1050 1501 Cacozelon
1090 1473 1145 1500 cst
1185 1485 1240 1491 -
1279 1461 1496 1517 qffectmm,

58 1529 154 1569 hacc
178 1545 272 1583 per,
316 1530 386 1569 sed
414 1531 572 1569 videtur
601 1538 836 1568 correctum.

168 1599 205 1649 §.
236 1601 301 1637 59.
360 1593 580 1648 κοινισμός.
635 1595 764 1636 Amb.
809 1593 1164 1636 CORAICMOC.
1221 1594 1367 1648 [Forte
1417 1609 1499 1637 σω-

54 1661 222 1719 ρισμὸς,
281 1667 570 1715 accumulatio,
628 1678 723 1703 nam
770 1661 976 1714 κοινισμὸς
1023 1666 1091 1702 ubi
1143 1664 1250 1717 apud
1298 1662 1499 1703 Graecum

50 1735 283 1784 scriptorem
303 1733 456 1784 legatur
475 1731 752 1788 ¹lexicographi
770 1746 854 1770 11011
875 1730 1077 1781 indicant,
1108 1746 1182 1771 nec
1201 1732 1361 1772 videtur
1383 1730 1496 1786 κοινὴ

52 1801 109 1839 sic
138 1801 182 1837 in
210 1801 308 1838 vitio
330 1798 470 1852 poni.]
530 1800 687 1839 Dorica
706 1801 867 1838 omittit.

167 1866 206 1915 §.
240 1870 307 1905 60.
366 1866 445 1905 tale
464 1877 533 1907 est.
584 1864 704 1906 Amb.
730 1881 813 1905 11011
841 1867 961 1906 habet
977 1878 1041 1905 est.

164 1933 201 1984 §.
233 1937 299 1972 61.
363 1933 702 1988 concipiendoque.
757 1934 845 1974 Hoc
882 1937 1051 1974 verbum
1091 1949 1175 1974 non
1206 1942 1264 1974 est
1294 1937 1339 1974 in
1370 1934 1496 1976 Amb.

6 2017 9 2038 1
53 2009 183 2041 cetera
204 2009 249 2040 ut
272 1999 411 2054 Spald.
445 2002 581 2041 edidit.

0 2218 11 2244 ιι

7 2356 11 2395 1

10 2538 12 2553 Ι

9 2559 12 2577 ἶ

165 2069 203 2118 §.
236 2072 303 2108 62.
359 2067 477 2122 plane
505 2068 607 2108 dom.
664 2068 791 2109 Amb.
821 2068 944 2122 plene.

163 2138 200 2188 §.
231 2138 296 2175 64.
359 2139 483 2190 ipsum
513 2152 569 2175 os.
634 2134 739 2176 Item
767 2134 893 2176 Amb.
919 2141 956 2176 1.
986 2139 1114 2190 ipsos,
1162 2151 1236 2178 nec
1264 2152 1344 2192 quo
1371 2141 1495 2191 perti·-

49 2211 142 2244 neat
161 2219 204 2242 os
223 2206 264 2241 in
288 2219 334 2243 ea
355 2205 617 2257 descriptione
631 2236 641 2255 ,
683 2204 827 2243 dixerit
851 2207 1085 2258 quisquam:
1126 2220 1222 2244 nam
1242 2207 1352 2245 aliud
1369 2209 1495 2259 signi-

0 2288 11 2314 ι.
47 2274 168 2311 ficant
194 2274 329 2312 vultus
357 2282 397 2311 et
425 2275 532 2312 oculi
557 2273 781 2323 libidinosi,
821 2287 919 2327 quos
950 2275 1033 2325 ipse
1063 2275 1139 2312 sibi
1169 2276 1318 2313 intueri
1344 2272 1490 2325 Quint.

0 2363 8 2397 4
48 2341 218 2379 videtur.
285 2339 416 2379 Addit
457 2343 577 2379 etiam
611 2343 681 2379 ille
713 2341 840 2380 codex
880 2355 972 2380 qun
1007 2339 1096 2380 Par.
1122 2345 1159 2380 1.
1193 2351 1227 2378 ct
1256 2340 1404 2390 locum,
1445 2351 1491 2382 ut

50 2416 235 2460 appareat
251 2409 296 2446 in
319 2411 457 2448 ceteris
478 2408 653 2459 ejusdem
671 2410 848 2447 familiae
867 2410 976 2448 libris
997 2409 1188 2448 excidisse
1208 2412 1375 2450 incuria.

163 2475 199 2525 §.
231 2480 298 2517 68.
355 2486 391 2516 et
437 2492 541 2517 usae.
598 2474 778 2517 Amb.1.
802 2476 961 2531 effusae.
986 2474 990 2480 ’
1078 2486 1113 2515 ct
1138 2475 1212 2533 i'f·
1247 2477 1356 2518 deest
1385 2488 1420 2517 et
1443 2480 1488 2517 in

47 2538 174 2581 Amb.
197 2547 235 2583 1.

160 2610 199 2659 §.
223 2615 290 2652 71.
350 2616 522 2670 quisque.
571 2610 692 2654 Amb.
718 2617 756 2653 1.
777 2614 959 2668 quisquis.
