1757 2979
177 166 227 205 42
235 169 258 205 8
603 165 873 221 Supplementa
912 167 1172 207 annotationis

176 281 214 319 ,6.
236 276 299 315 ml
314 279 340 318 i.
360 293 393 317 s.
479 280 560 318 sive
579 280 889 319 commentarios.
938 276 1028 319 Par.
1059 284 1098 319 2.
1132 280 1172 318 in
1201 293 1336 329 comm?
1384 277 1476 323 Par,
1502 283 1537 318 1.
1561 284 1599 320 6.

174 342 300 385 Amb.
323 350 362 384 2.
384 347 423 384 in
443 348 767 385 commentarium,
827 344 1045 400 [Wolffius
1068 345 1131 385 vel
1146 347 1282 395 in‘iis,
1321 363 1417 401 quae
1436 348 1603 399 scripse—-

176 414 318 460 rimus,
375 429 561 450 summam
580 415 617 450 in
639 415 957 451 commentarium
978 422 1014 451 et
1041 415 1172 466 capita
1191 412 1388 468 corgsbrre,
1423 411 1601 452 Frotsch.

175 493 241 517 nec
270 481 308 517 in.
336 479 418 530 his,
458 495 556 533 quae
583 481 871 530 scripserimus,
904 478 1018 518 velim
1044 496 1212 519 summas
1231 483 1270 519 ἰη
1290 482 1603 520 commentarium

173 556 207 583 et
230 549 358 599 capita
381 545 565 601 coqsbrri.
623 544 728 584 Mihi
747 546 853 585 nihil
874 546 1016 585 horum
1043 550 1133 588 satis
1153 550 1281 600 placet
1301 579 1312 598 ,
1355 562 1487 601 neque
1516 548 1602 584 sero

172 613 275 650 istud
300 616 340 651 in
359 613 440 663 his,
471 612 578 666 quod
600 613 766 652 debebat
787 629 866 653 esse
888 630 1029 653 eorum.
1087 612 1265 656 Fortasse
1284 632 1328 654 ne
1350 618 1393 654 in
1416 615 1476 653 his
1495 613 1603 652 nihil

172 679 282 718 aliud
307 689 364 717 est
387 682 464 717 nisi
492 681 706 731 repetitum
723 680 843 729 mihi,
881 682 989 735 quod
1018 696 1040 720 a
1059 684 1300 734 negligentia
1319 682 1464 721 horum
1478 682 1601 719 libra-

169 747 320 784 riorum
340 760 424 783 non
449 746 604 785 videtur
624 749 801 786 alienum
821 763 914 788 esse.
972 746 1144 803 Reliqua
1165 751 1326 788 confusa
1343 757 1458 799 sunt,
1496 761 1600 802 quae

168 814 202 851 si
229 814 346 850 liceat
377 812 428 850 ad
460 814 667 850 arbitrium
697 815 904 863 ordinare,
954 818 1076 857 velim
1104 819 1183 856 sic:
1240 816 1343 854 velut
1372 831 1539 855 summas
1566 823 1602 852 et

168 881 301 932 capita
321 880 361 917 in
384 880 697 918 commentarium
715 879 932 934 corfirre]
991 880 1172 920 discencli.
1208 881 1384 921 Amb.2.
1409 880 1603 920 ediscendi

168 945 280 1001 (sine
300 944 362 1001 et)
380 977 391 997 ‚
424 960 504 1000 quo
526 946 676 985 ducunt
696 949 816 985 etiam
834 948 1080 1001 reliquorum
1105 950 1297 987 librorum
1315 951 1543 1001 scripturae.

164 1012 269 1066 quod
301 1015 431 1051 simus.
483 1011 551 1053 Sic
584 1011 674 1052 Par.
695 1017 732 1053 1.
754 1019 792 1054 2.
814 1018 850 1053 6.
920 1013 1030 1069 [Sed
1052 1030 1134 1054 non
1154 1030 1313 1068 possum
1331 1029 1414 1053 non
1439 1015 1598 1055 Wolffii

165 1081 356 1130 judicium
377 1082 563 1133 probare,
601 1082 922 1131 interficiendum
948 1097 1028 1121 esse
1057 1098 1130 1120 non
1154 1097 1205 1120 ex
1225 1081 1360 1121 Turio.
1421 1081 1601 1120 Scribere

165 1150 274 1187 enim
301 1147 367 1187 hic
396 1156 453 1187 est
483 1157 661 1186 accurate
690 1163 948 1201 componere,
998 1158 1037 1189 et
1067 1164 1167 1202 quae
1198 1152 1253 1189 sio
1283 1151 1372 1189 stilo
1403 1150 1599 1201 persecuti

165 1218 309 1253 erimus
324 1246 334 1266 ‚
377 1229 422 1253 ea
442 1224 561 1267 negat
581 1213 855 1266 Quintilianus
879 1217 1010 1256 denuo
1039 1219 1301 1270 extemporali
1322 1218 1468 1256 anfioni
1486 1230 1597 1255 com-

166 1282 360 1322 mittenda
391 1283 506 1334 esse.]

275 1351 310 1402 ᾧ.
341 1354 408 1389 33.
466 1348 642 1388 [licenda.
683 1347 772 1389 Par.
792 1355 829 1389 1.
854 1356 890 1390 2.
912 1350 987 1391 dic.
1013 1349 1059 1388 dc
1079 1349 1151 1391 his.
1193 1348 1285 1391 Par.
1308 1354 1345 1390 6.
1370 1349 1446 1390 dic.
1469 1348 1516 1389 cle
1537 1349 1596 1389 his

163 1433 261 1471 quae
279 1427 380 1457 sunt.
431 1415 558 1458 Amb.
580 1423 620 1459 2.
641 1416 717 1456 dic.
737 1417 782 1456 de
802 1420 836 1457 is
861 1422 955 1471 quia
975 1429 1074 1458 sunt.

658 1854 857 1898 L1B.
975 1852 1094 1896 XI.

745 2005 906 2047 CAP.
972 2004 1006 2045 J.

273 2101 309 2150 §.
342 2103 379 2138 1.
438 2098 645 2152 superiore.
698 2096 765 2137 Sic
795 2095 884 2136 Par.
912 2101 948 2136 1.
969 2101 1007 2136 2.
1034 2100 1071 2135 6.
1102 2094 1226 2135 Amb.
1257 2102 1295 2137 2.
1347 2113 1512 2150 quaeque
1539 2108 1594 2136 est

160 2183 255 2207 meo.
294 2165 360 2209 Sic
384 2164 474 2206 Par.
502 2169 537 2204 1.
561 2170 601 2205 2.
688 2180 829 2204 necess.
861 2164 979 2204 Nam.
1025 2163 1091 2204 Sic
1118 2162 1203 2203 Par.
1226 2169 1263 2203 1.
1285 2169 1324 2204 2.
1349 2168 1386 2204 6.
1409 2163 1530 2204 Amb.
1556 2171 1594 2205 2.

271 2236 306 2285 ᾧ.
341 2237 379 2273 6.
439 2249 556 2287 neque
572 2242 645 2271 vet.
692 2231 778 2271 Par.
813 2237 848 2271 1.
873 2237 912 2271 2.
941 2236 974 2270 6.
1004 2248 1071 2270 nec
1092 2247 1131 2270 υ.
1218 2234 1257 2269 in
1285 2233 1401 2284 incip.
1443 2230 1531 2271 Par.
1555 2237 1589 2270 1.

162 2307 201 2341 2.
223 2306 259 2341 6.
280 2315 357 2340 om.
380 2301 432 2340 in.
519 2297 744 2352 digerenda.
787 2298 855 2339 Sic
875 2298 966 2339 Par.
990 2305 1026 2339 1.
1049 2304 1087 2340 2.
1139 2297 1344 2351 dirigenda
1365 2297 1456 2338 Par.
1478 2303 1518 2338 6.

275 2369 306 2418 §.
338 2372 378 2408 7.
437 2369 573 2419 majus.
614 2365 704 2406 Par.
729 2371 763 2406 1.
785 2372 824 2407 2.
849 2372 884 2405 6.
909 2368 1048 2419 magis.

271 2437 305 2486 ξ.
337 2439 376 2475 8.
435 2434 580 2474 deceat.
625 2433 691 2473 Sic
712 2432 803 2473 Par.
830 2439 876 2473 1.v
892 2438 931 2473 2.
954 2437 990 2472 6.

272 2506 308 2554 ς.
341 2507 406 2541 10.
462 2510 716 2556 posterorum.
755 2500 821 2540 Sic
842 2499 932 2540 Par.
955 2505 991 2539 2.
1028 2501 1283 2553 posteriorum
1302 2496 1392 2538 Par.
1419 2504 1455 2538 1.
1484 2504 1520 2539 6.

271 2573 306 2620 §.
342 2573 405 2608 11.
464 2567 674 2609 obtulisset.
715 2567 781 2609 Sic
801 2567 890 2612 Par.
918 2571 1060 2607 1.2.6.
1138 2563 1363 2619 judicasset.
1402 2563 1527 2605 Amb.
1550 2572 1590 2607 2.

158 2635 418 2688 jmh'cwisset.
