1757 2979
220 160 300 199 444
673 164 940 219 Supplemenla
969 167 1228 204 annotationis
1273 192 1275 195 .

754 296 786 338 C
818 313 836 337 Α
875 315 912 338 r.
972 296 1116 338 VIII.
1165 300 1167 302 ’

403 384 447 426 1.ι
500 390 717 441 reperietur.
761 385 828 426 Sic
851 387 940 428 Par.
968 394 1002 428 1.
1027 395 1066 429 2.
1089 394 1126 427 6.

339 456 367 493 ’.
398 457 436 494 4.
497 457 596 493 tanti
614 470 717 492 suae.
756 446 846 494 Par.
869 460 906 495 6.
930 459 1021 509 ipse.
1062 456 1157 496 Par..
1174 461 1210 495 1.
1236 463 1272 496 2.
1304 472 1398 496 vere.

402 528 439 562 6.

331 387 367 573 «φορ

499 538 552 560 cx
573 521 721 560 advers.
762 520 852 561 Par.
873 529 911 563 2.
935 539 1012 563 sec.
1032 538 1086 562 m.
1109 524 1155 561 αἶ)
1179 524 1270 563 adv.
1317 524 1408 564 I'ar.
1435 528 1471 572 1.
1498 539 1552 562 cx
1574 526 1652 563 suis

219 587 307 627 adv.

1214 664 1236 686 Θ

329 658 366 706 §.
398 660 438 695 7.
498 658 659 710 repetita
693 672 748 696 ecc
779 667 958 711 tempore.
1007 655 1075 698 Sic
1100 657 1189 699 Par.
1213 689 1250 698 ,.
1279 674 1357 698 sec.
1388 673 1443 696 m.
1494 660 1651 710 repetilo

216 733 329 777 temp.
351 722 442 762 Par.
466 728 503 762 1.

325 794 366 841 §.
395 795 434 830 9.
493 789 707 844 loquuntur.
748 791 945 832 Par.1.2.
970 791 1189 846 loquantur.
1251 792 1547 844 [Buttmannus
1567 794 1649 844 ipse

214 858 376 911 posthac
407 867 545 897 notam
571 874 684 898 suam
716 862 771 898 sic
800 862 994 900 correxit:
1044 858 1177 898 Video
1204 875 1311 899 nunc
1332 859 1436 898 hanc
1457 859 1648 914 loquendi

213 928 406 977 formans,
447 925 641 980 antiquam
661 929 758 965 satis
781 925 1009 966 credendum
1027 937 1081 964 est
1094 957 1105 977 ‚
1136 928 1230 965 iude
1250 935 1386 965 natam
1406 942 1508 976 esse,
1540 926 1650 980 quod

212 996 309 1032 satis
347 993 461 1033 credo
489 997 660 1033 formula
693 1003 775 1033 erat
810 997 923 1042 trita,
968 1009 1071 1048 quae
1107 997 1216 1034 velut
1253 997 1296 1032 in
1329 1009 1457 1032 uuum
1482 996 1650 1033 verbum

212 1064 423 1102 coaluerat.
482 1061 583 1101 Vid.
613 1061 776 1100 Terent.
806 1060 939 1101 Andr.
962 1059 1039 1112 IV,
1062 1067 1099 1112 1,
1125 1067 1191 1101 50.
1230 1060 1418 1101 Eunuch.
1438 1060 1495 1112 V,
1520 1066 1556 1110 9,
1577 1066 1645 1101 21.

209 1128 280 1167 Est
301 1132 421 1181 igitur
444 1129 553 1167 idem
573 1131 654 1168 fere
677 1144 721 1168 ac
743 1132 774 1167 si
794 1129 957 1168 dixisset
978 1143 1215 1183 „uunquam
1236 1129 1558 1181 respondendum
1590 1136 1647 1167 est

211 1195 320 1236 Satis
340 1195 530 1248 crecl0.“]

320 1266 356 1316 §.
389 1268 454 1303 10.
516 1266 583 1317 qui
603 1262 783 1304 sanandi.
823 1262 891 1303 Sic
910 1263 1001 1303 Par.
1014 1269 1053 1303 2.
1069 1267 1104 1303 6.
1151 1278 1250 1317 quae
1267 1262 1457 1303 sana-mla.
1494 1261 1585 1304 Par.
1607 1267 1644 1302 1.

321 1332 358 1382 §.
396 1336 462 1370 13.
522 1331 681 1369 turbata
710 1347 814 1370 cera.
862 1330 929 1370 Sic
958 1330 1047 1370 Par.
1081 1335 1118 1370 1.
1147 1336 1186 1370 2.
1219 1335 1256 1370 6.
1314 1329 1505 1382 [Mirarer
1532 1331 1644 1370 codi-

207 1413 300 1439 cum
320 1413 555 1438 consensum
572 1401 617 1436 in
636 1401 732 1437 vitio
755 1399 904 1437 tuendo
920 1429 930 1448 ‚
965 1401 1009 1436 ni
1030 1406 1181 1450 pateret
1201 1413 1338 1436 eorum
1360 1398 1539 1436 condicio
1553 1430 1563 1449 ,
1593 1413 1645 1437 ex

207 1482 287 1506 uuo
308 1468 431 1506 veteri
450 1468 668 1519 exemplari
688 1468 801 1520 quasi
823 1481 893 1518 per
923 1465 1065 1518 gradus
1100 1467 1360 1518 corruptionis
1397 1466 1533 1522 ductos
1563 1481 1644 1505 esse

209 1550 359 1574 omnes.
417 1534 538 1573 Haud
565 1535 683 1572 dubie
717 1542 756 1572 et
778 1536 909 1572 linum
941 1541 979 1571 et
1001 1547 1089 1571 cera
1109 1541 1148 1570 et
1167 1535 1356 1585 impressa
1379 1536 1491 1585 sigua
1511 1536 1644 1584 juncta

207 1611 300 1642 sunt
337 1605 493 1651 omnia,
540 1615 682 1640 verum
720 1602 878 1652 singula
915 1609 1050 1638 tamen
1081 1600 1401 1650 considerantur,
1451 1609 1645 1656 et'potest

206 1679 367 1722 ruptum
395 1684 477 1707 esse
504 1671 661 1718 linum,
699 1669 853 1719 integra
883 1681 990 1716 cera,
1035 1676 1074 1705 et
1105 1681 1193 1705 cera
1221 1669 1407 1716 confusa,
1447 1670 1532 1706 lino
1559 1683 1643 1707 non

206 1741 392 1790 praeciso.
452 1733 588 1788 Itaque
614 1734 716 1772 mihi
736 1735 899 1788 quidem
921 1732 1137 1772 Salmasius
1167 1742 1272 1771 recte
1296 1734 1490 1771 turbatam
1514 1751 1641 1773 ceram

207 1805 435 1843 emendasse
453 1804 623 1852 videtur,
656 1811 693 1840 et
713 1805 915 1854 vulgatam
935 1803 1184 1853 scripturam,
1215 1803 1258 1837 ni
1279 1804 1364 1853 quis
1387 1803 1431 1838 in
1449 1804 1640 1850 ejusmodi

205 1875 417 1913 verborum
442 1870 786 1909 terminationibus
817 1872 990 1907 nimium
1019 1870 1223 1919 religiosus
1255 1870 1325 1917 sit,
1374 1870 1445 1906 vix
1484 1866 1640 1926 Latinis

207 1943 364 1978 auribus
391 1940 639 1977 tolerabilem
668 1931 804 1988 buta]
870 1938 1060 1987 agnitore.
1103 1933 1170 1973 Sic
1196 1934 1286 1973 Par.
1311 1939 1348 1973 1.
1371 1940 1411 1973 2.
1436 1939 1473 1974 6.
1533 1936 1641 1987 [Dc-

206 2010 342 2046 slituia
361 1998 528 2058 'explica
556 2006 669 2058 quasi
697 2004 874 2054 deserta,
923 2004 1115 2056 quoniam
1148 2002 1269 2041 fidem
1297 2011 1336 2041 et
1364 2005 1638 2043 auctoritatem

206 2090 344 2114 eorum
364 2076 467 2113 tueri
485 2086 672 2126 nequeas.
683 2071 698 2123 ]

771 2204 802 2246 C
838 2220 860 2245 A
892 2221 929 2245 1’·
986 2202 1073 2244 IX.

316 2300 352 2350 ξ.
384 2303 423 2338 2.
484 2296 633 2336 laetius.
674 2295 741 2336 Sic
763 2295 849 2335 Par.
872 2300 909 2334 1.
933 2299 971 2334 6.
1018 2293 1136 2333 latius
1153 2292 1242 2333 Par.
1267 2299 1307 2334 2.

317 2367 352 2416 ξ.
383 2367 423 2405 4.
481 2368 609 2404 minus
633 2364 797 2418 cupidis.
849 2363 939 2403 I'ar.
967 2367 1002 2401 1.
1022 2367 1059 2401 2.
1091 2366 1128 2400 6.
1159 2360 1434 2414 cupidissimis.
1484 2362 1570 2402 Par.
1597 2370 1633 2402 2.

207 2451 282 2475 sec.
307 2449 361 2472 m.
386 2433 535 2487 cupidis
556 2435 694 2471 minus.

313 2504 347 2553 §-
380 2507 420 2540 6.
479 2516 592 2538 unum
615 2502 679 2538 sit.
726 2499 813 2538 l‘ar.
839 2503 875 2537 1.
906 2515 968 2535 un.
989 2507 1057 2534 cst.
1105 2495 1194 2535 Par.
1220 2502 1256 2535 2.
1281 2510 1358 2535 om,
1384 2499 1450 2534 sit.

315 2573 351 2620 Q.
382 2573 418 2608 8.
477 2576 732 2621 susceperunt.
773 2564 841 2605 SIC
860 2564 948 2604 Par.
973 2570 1010 2602 6.
1059 2566 1288 2617 susceperint
1305 2562 1393 2602 Par.
1424 2569 1456 2603 1.
1482 2571 1520 2604 2.

316 2638 351 2686 §·
385 2641 422 2677 9.
484 2637 737 2688 cognituram.
779 2631 846 2673 Sic
866 2631 953 2672 Par.
978 2636 1014 2671 1.
1039 2638 1075 2670 2.
1102 2635 1124 2670 6
