1695 2974
1463 163 1521 198 xl

78 277 158 304 usu
189 261 380 303 codicum
421 260 801 314 manuscriptorum
832 259 1055 302 distinctos
1093 260 1296 315 quosdam
1336 262 1522 313 ordines,

78 340 132 382 ad
162 354 267 397 quos
300 338 508 380 delectum
536 338 798 390 institueret,
847 352 942 380 cum
983 339 1106 393 quasi
1134 339 1291 393 gradus
1323 338 1525 393 deprava-

81 421 211 460 tionis
241 418 431 460 studiose
461 416 745 469 discerneret,
786 425 829 458 et
857 414 1028 458 fidelem
1059 415 1297 472 aliquorum
1325 420 1525 472 ignoran-

81 500 207 549 tiam,
257 508 476 552 quousque
505 492 680 546 liceret,
734 494 914 536 aliorum
951 493 1175 536 simulatae
1206 498 1376 536 sanitati
1405 510 1526 550 prae-

77 577 228 627 ferret,
259 584 301 616 et
329 574 374 615 id
395 581 542 628 ageret
570 575 758 625 omnino,
789 583 837 615 ut
864 572 1031 615 sublato
1061 573 1212 630 longae
1244 575 1527 630 possessionis

77 656 240 708 injusto
265 655 381 708 jure,
415 650 725 701 Quintilianum
756 653 809 694 ad
837 662 970 694 semet
992 655 1132 708 ipsum
1152 662 1382 694 revocaret.
1441 651 1526 692 Sed

80 742 168 774 tota
193 732 298 773 haec
329 732 521 772 codicum
550 732 684 782 ratio,
732 732 782 772 de
816 746 898 787 qua
932 733 1139 788 imprimis
1169 732 1275 774 mihi
1303 730 1527 772 dicendum

78 825 173 852 esse
194 811 342 862 video,
374 808 651 851 clarissimam
668 825 779 851 nunc
798 809 938 851 lucem
963 812 1137 866 accipiet
1162 810 1335 866 prolatis
1346 808 1528 850 Ambro-

77 888 230 931 sianiI
257 887 529 937 lectionibus,
562 889 682 942 cujus
715 890 884 944 quidem
915 890 1073 930 codicis
1102 892 1230 930 etiam
1256 887 1529 945 Spaldingius

77 970 273 1010 notitiam
300 967 448 1009 habuit
476 977 518 1008 et
547 967 781 1008 bonitatem
811 967 1078 1022 aliquatenus
1105 978 1305 1024 expertus
1337 978 1424 1020 est,
1454 969 1530 1009 sed

79 1057 235 1103 quanta
260 1056 374 1088 esset
400 1048 670 1102 praestantia,
702 1048 868 1101 penitus
891 1062 1102 1103 nunquam
1126 1049 1323 1103 cognovit
1336 1047 1386 1101 '‘),
1419 1047 1530 1104 quod

78 1141 177 1168 eum
211 1140 298 1167 non
336 1134 459 1166 norat
496 1127 580 1165 nisi
617 1139 671 1166 ex
710 1125 918 1166 deteriore
957 1126 1073 1167 illius
1101 1137 1235 1182 parte.
1293 1125 1405 1168 Nam
1435 1139 1531 1166 cum

78 1205 194 1246 illius
232 1205 333 1246 libri
372 1204 478 1244 haec
507 1205 560 1244 sit
591 1203 809 1255 condicio,
859 1214 904 1246 ut
933 1204 1195 1260 reliquorum
1233 1205 1443 1247 bonorum
1481 1204 1532 1245 li-

81 1284 254 1326 brorum
283 1298 358 1340 per
387 1284 564 1324 virtutes
595 1296 728 1337 aeque
757 1297 805 1323 ac
835 1285 942 1323 vitia
971 1284 1058 1324 dux
1078 1284 1248 1339 quidam
1268 1299 1317 1324 ac
1337 1286 1532 1339 princeps

82 1365 163 1414 sit,
204 1365 359 1405 mirum
389 1370 454 1402 est
483 1361 623 1412 dictu,
673 1361 749 1402 sed
779 1375 926 1402 verum
956 1371 1123 1414 tamen,
1174 1363 1367 1418 quodque
1406 1362 1532 1403 facile

81 1456 176 1484 sese
227 1443 393 1497 ingeret
441 1439 741 1496 peritioribus,
790 1441 967 1481 virtutes
1015 1440 1250 1482 clarissime
1301 1443 1346 1482 in
1385 1443 1532 1498 primis

80 1530 278 1577 quattuor
317 1520 440 1561 lib1is
478 1520 690 1570 eminere,
745 1520 851 1560 vitia
888 1520 933 1560 in
974 1520 1294 1576 posterioribus.
1359 1519 1408 1561 In
1446 1519 1532 1561 illis

79 1609 222 1641 autem
253 1609 339 1641 tam
368 1597 578 1654 singulari
606 1598 794 1639 bonitate
825 1607 912 1650 est,
957 1608 1026 1651 ut,
1077 1614 1159 1655 quo
1191 1601 1368 1655 quisque
1398 1602 1534 1656 magis

78 1679 132 1721 ab
163 1693 214 1720 eo
243 1679 461 1729 dissentit,
504 1692 554 1718 eo
583 1676 762 1718 inferior
792 1678 956 1718 censeri
987 1678 1164 1731 debeat,
1203 1681 1448 1736 possintque
1479 1679 1532 1721 ab

72 1752 130 1800 'eo
159 1757 275 1799 velut
301 1758 457 1814 gradus
487 1757 656 1798 virtutis
685 1758 901 1798 constitui.

191 1916 304 1959 Nam
334 1931 391 1958 ex
420 1917 594 1968 eodem,
625 1931 708 1973 quo
737 1915 834 1969 ille,
873 1916 991 1958 fonte
1022 1915 1262 1970 fluxerunt,
1291 1917 1534 1974 faciuntque

83 2011 211 2038 unam
246 1997 439 2038 codicum
479 1982 600 2052 quasi
635 1996 841 2038 familiam
879 1996 1128 2039 Turicensis
1166 2006 1208 2038 et
1245 1997 1279 2038 F
1282 1996 1534 2049 lorentinus,

81 2090 261 2132 quorum
287 2077 429 2117 varias
459 2073 664 2118 lectiones
696 2086 840 2118 nostra
860 2078 992 2118 editio
1023 2092 1136 2119 nunc
1155 2077 1326 2132 quidem
1344 2078 1534 2132 integras

81 2155 176 2206 dat,
206 2157 310 2196 item
340 2156 412 2210 qui
439 2155 593 2198 dicitur
621 2155 1049 2208 Almeloveenianus‚
1080 2157 1202 2210 cujus
1231 2158 1335 2196 satis
1364 2170 1535 2197 accura-

82 2243 169 2276 tam
187 2233 458 2276 collationem
477 2233 747 2276 Burmannus
768 2236 914 2286 edidit,
936 2244 978 2276 et
997 2235 1389 2291 Argentoratensis,
1410 2237 1533 2289 cujus

83 2328 162 2370 ope
204 2313 446 2356 Obrechtus
488 2311 800 2362 Quintilianum
838 2316 899 2355 ita
940 2316 1177 2366 recensuit,
1222 2323 1270 2356 ut
1310 2326 1361 2354 ea
1399 2312 1532 2354 editio

130 2526 162 2571 ⁴³)
188 2528 321 2573 Neque
352 2529 595 2563 Buttmanuus
641 2532 831 2574 coguovit,
876 2533 942 2575 qui
980 2528 1118 2565 libr-tun
1151 2529 1200 2562 ita
1236 2529 1333 2573 justo
1375 2529 1533 2562 minoris

195 2588 419 2626 aestimaret,
464 2593 506 2620 ut
538 2588 577 2620 in
609 2584 683 2620 fine
715 2586 801 2621 libri
834 2586 907 2621 th
944 2599 989 2622 ue
1023 2593 1323 2622 commemoraret
1360 2585 1530 2631 quidem:

190 2649 226 2676 at
247 2650 288 2676 tu
313 2642 395 2678 vide
421 2645 459 2678 iu
484 2643 765 2689 supplementis.
