1721 2974
447 137 498 177 (ιᾶ
530 135 690 188 Quintil.
725 135 849 179 Ins-tit„
881 132 935 183 77,
969 138 1029 173 12.
1062 134 1090 186 ξ.
1117 131 1288 173 ’6-14,
1503 139 1583 175 285

258 256 295 307 ξ.
331 258 397 294 11.
455 249 697 291 Intuendum.
756 247 890 290 Guelf.
932 245 1210 287 intendendum.
1327 257 1361 287 ct
1408 249 1475 301 qui
1519 250 1587 287 sit.

143 322 279 363 Turio.
305 322 413 362 Flor.
434 318 545 360 Ahn.
565 317 703 370 Camp.
727 317 846 357 Voss.
866 322 905 357 2.
929 315 1049 356 Tarv.
1068 313 1168 355 Ald.
1193 324 1228 353 et
1249 315 1336 370 quis
1353 317 1417 354 sit.
1465 314 1586 355 Voss.

149 397 187 431 1,
210 402 243 430 et
262 389 354 444 qnid
374 391 438 428 sit.
485 386 594 428 Jens.
617 384 715 425 Loc.
739 384 848 425 Ven.
875 395 907 423 ee
930 386 1025 439 quis.
1123 392 1158 420 ct
1181 381 1222 420 inl
1241 382 1358 436 quotl-
1409 383 1526 424 Voss.
1549 388 1587 423 1.

149 464 187 499 3.
220 461 409 498 omittunt
437 453 492 494 id.
556 452 681 494 Ajnb.
706 458 744 493 1.
768 452 906 494 Turio.
942 467 965 492 a
999 467 1057 505 pr.
1091 466 1146 491 m.
1180 448 1286 491 Flor.
1311 449 1379 489 secl
1404 451 1445 490 id
1471 450 1589 505 quod.

146 525 263 566 Alm.
296 541 361 563 scu,
391 521 432 562 id
450 520 568 577 quod.
684 532 717 560 ct
738 537 910 575 prooem.
967 517 1070 560 Item
1098 517 1222 559 Amb.
1244 522 1281 558 1.
1311 517 1449 560 Turio.
1479 518 1589 559 Flor.

147 592 272 633 Amb.
293 598 333 633 2.
361 590 450 632 Par.
484 595 522 630 1.
554 594 594 629 2.
620 593 659 629 3.
701 635 705 641 ι

260 661 295 712 §.
330 663 396 699 12.
453 655 612 696 Altera.
662 654 797 695 Etiam
818 653 943 696 Amb.
975 660 1007 695 1.
1038 663 1077 695 et
1101 652 1210 695 Flor.
1238 668 1262 694 a
1290 669 1349 708 pr.
1378 666 1434 694 m.
1467 652 1593 692 altera

145 728 242 783 Ζίρα.
310 725 384 780 [Jn
414 740 460 764 ea
492 727 681 777 opinione
711 722 969 777 Spaldingius
1002 730 1081 776 est,
1127 730 1174 763 ut
1202 725 1319 762 malit
1346 736 1434 763 voc.
1466 721 1595 761 altera.

147 799 305 846 abesse,
359 793 468 848 quod
503 807 589 831 non
622 792 790 840 habeat,
840 805 919 846 quo
958 792 1164 830 referatur.
1231 788 1291 830 At
1321 804 1394 843 ego
1430 788 1596 828 alterum

146 865 225 904 hoc
254 877 378 916 genus
414 862 566 900 dictmn
596 869 694 913 puto
711 891 722 911 ‚
764 861 858 913 quia
887 860 1063 911 primum
1090 861 1211 898 fuerit
1232 860 1514 912 probationum
1543 871 1597 897 ex

146 934 352 971 affectibus
376 924 621 979 ductarum]
729 927 805 982 qffi
826 951 882 956 -
902 925 1005 979 Ego·
1055 925 1182 968 Amb.
1209 932 1245 967 1.
1274 925 1383 965 Flor.
1416 939 1438 963 a
1457 941 1516 978 pr.
1537 939 1596 965 m.

145 1015 305 1054 quoque
324 1001 518 1038 omittunt
544 995 658 1052 proh.
688 1005 757 1038 cst.
804 993 908 1035 Bad.
937 993 1090 1035 Cervic.
1113 994 1244 1036 Colin.
1272 992 1374 1034 Obr.
1395 1008 1598 1033 assevera-

146 1070 250 1107 tione
265 1075 340 1106 eto.
428 1064 628 1118 indignum
649 1073 683 1101 et
702 1065 789 1103 sim.
836 1060 957 1103 Amb.
974 1067 1010 1102 1.
1024 1068 1062 1102 2.
1096 1061 1232 1103 Guelf.
1250 1066 1441 1103 omittunt
1461 1073 1509 1102 ct.

146 1151 248 1190 quae
281 1151 371 1174 non.
428 1132 556 1174 Amb.
590 1137 624 1172 1.
649 1147 772 1186 acque
800 1147 888 1170 non.
945 1129 1084 1171 Turio.
1113 1130 1220 1171 Flor.
1249 1145 1272 1170 a
1304 1145 1364 1184 pr.
1394 1147 1449 1171 m.
1482 1141 1599 1185 atquc

146 1219 244 1252 non,
286 1216 308 1241 a
338 1217 417 1241 sec.
450 1216 507 1241 m.
537 1203 656 1239 inser.
680 1216 790 1256 quac.
878 1198 1030 1254 quidem
1051 1197 1191 1238 dees-sc.
1246 1196 1381 1239 Guelf.
1404 1197 1525 1239 Goth.
1555 1198 1598 1238 sl.

147 1289 188 1326 q.
285 1269 360 1309 hoc
385 1272 440 1308 in.
493 1268 603 1309 Jens.
634 1267 756 1309 Tarv.
775 1269 815 1305 in
837 1266 924 1305 lzoc.
1022 1282 1110 1306 cum
1131 1266 1205 1306 hoc
1225 1292 1281 1298 —-
1301 1269 1442 1321 possit.
1487 1267 1599 1306 Haeo

144 1338 290 1392 Camp.
320 1341 376 1378 sic
410 1336 597 1377 exhibet:
639 1352 727 1375 cum
761 1334 858 1375 haec
887 1333 938 1374 ab
966 1344 1128 1390 utraque
1154 1345 1270 1389 parte
1286 1336 1387 1390 fieri
1406 1336 1447 1374 in
1466 1333 1602 1373 cadem

147 1423 272 1448 causa
290 1404 470 1445 similiter
487 1406 652 1459 possint.

256 1476 293 1526 ξ.
319 1479 386 1513 13.
445 1489 530 1511 sua.
571 1469 705 1512 Guelf.
721 1472 794 1509 sui.
883 1472 1078 1524 cujusque.
1116 1468 1245 1510 Amb.
1268 1475 1305 1510 1.
1328 1469 1466 1510 Turio.
1489 1469 1598 1512 Flor.

148 1542 262 1584 Alm.
285 1540 426 1595 Camp.
449 1538 585 1580 Guelf.
609 1537 733 1579 Rern.
755 1537 877 1578 Voss.
907 1542 944 1577 1.
967 1542 1005 1578 3.
1031 1540 1178 1592 cuique.
1265 1537 1422 1578 habent.
1468 1538 1598 1579 Amb.

151 1616 189 1651 1.
221 1609 384 1660 habeat,
435 1624 458 1648 a
484 1623 562 1648 sec.
592 1621 648 1647 m.
677 1621 772 1646 cum
798 1605 905 1645 Flor.
936 1608 1058 1645 etiam
1086 1606 1268 1647 habeant.
1383 1605 1602 1647 admiserit.

150 1677 286 1719 Guelf.
307 1677 511 1716 dimiserit.
548 1674 689 1729 Camp.
712 1672 942 1715 admiserat.
1024 1683 1159 1729 patres
1178 1674 1271 1716 adv.
1310 1672 1446 1717 Guelf.
1469 1674 1599 1715 Aan.

147 1752 186 1787 2.
209 1748 349 1785 insert.
373 1754 421 1784 et.

261 1813 299 1864 §.
332 1812 398 1852 14.
457 1814 741 1867 potentissima.
792 1810 932 1851 Turio.
949 1813 1279 1866 potentissimum,
1311 1826 1334 1851 a
1354 1827 1432 1853 sec.
1453 1825 1604 1867 111.ρο-

149 1883 348 1920 tissimum.
397 1878 521 1920 Goth.
549 1879 688 1933 Camp.
718 1882 939 1934 potissima.
1054 1882 1242 1933 primone.
1294 1878 1436 1933 Camp.
1456 1883 1603 1935 primo.

234 1957 277 1986 ut
294 1963 431 2001 occup.
484 1946 623 2000 Camp.
657 1957 693 1985 et
724 1964 808 1987 occ.
923 1945 1027 1986 inde.
1075 1945 1180 1987 Jens.
1211 1956 1249 1987 et
1273 1948 1365 1988 edd.
1387 1957 1479 1987 ante
1500 1947 1602 1988 Ald.

150 2015 264 2056 idem.
351 2014 562 2053 dimittant.
603 2013 743 2068 Camp.
766 2015 1028 2055 dimittantur.
1114 2025 1157 2053 ut
1179 2014 1269 2054 inde
1285 2040 1343 2046 —-
1363 2032 1602 2070 summoque.

149 2084 261 2123 Haec
284 2085 433 2122 omittit
450 2081 577 2122 Aan.
606 2087 642 2122 1.
756 2093 797 2121 ut
817 2081 942 2122 Hom.
993 2081 1118 2122 Amb.
1142 2088 1180 2122 1.
1206 2083 1311 2137 quod
1341 2081 1487 2138 (super
1503 2087 1603 2124 litu-

150 2151 259 2204 ram)
295 2150 420 2203 Hom.
477 2149 586 2190 Flor.
629 2165 651 2188 a
679 2166 739 2203 pr,
773 2166 829 2190 m.
871 2153 993 2190 etiam
1023 2150 1232 2205 quodquod
1258 2150 1383 2191 Hom.
1507 2154 1601 2192 sint.

151 2218 290 2272 Camp.
300 2218 406 2275 fuit.
494 2235 545 2258 an
568 2235 593 2257 a
609 2220 793 2258 minimis.
832 2216 960 2258 Amb.
986 2223 1022 2257 1.
1046 2218 1087 2272 (a
1108 2234 1167 2271 pr.
1188 2217 1263 2272 m.)
1283 2225 1322 2259 2.
1345 2217 1466 2258 Bern.
1477 2219 1600 2260 Voss.

153 2294 191 2328 1.
225 2298 293 2327 aut
323 2290 481 2326 animis.
538 2285 662 2326 Amb.
693 2291 728 2326 1.
761 2302 785 2326 a
816 2301 894 2326 sec.
923 2301 977 2326 m.
1012 2285 1149 2326 Turic-
1178 2286 1282 2327 Flor.
1310 2285 1426 2327 Ahn.
1458 2286 1600 2341 Camp-

151 2355 282 2396 Guelf.
322 2354 446 2395 Basil.
484 2369 609 2407 marg.
649 2353 757 2394 Jens.
801 2363 841 2395 et
882 2355 970 2393 edd.
1006 2364 1097 2394 ante
1126 2354 1228 2394 Ald.
1264 2365 1333 2394 aut
1359 2373 1384 2394 α
1414 2357 1598 2394 minimis.

149 2423 268 2464 Voss.
290 2430 330 2465 2.
357 2435 423 2463 aut
444 2426 606 2462 caussis.
656 2422 775 2462 Voss.
799 2427 838 2462 3.
860 2433 901 2461 ut
922 2425 1077 2462 animis.
1137 2422 1389 2477 [Spaldingii
1409 2426 1599 2464 correctio

152 2509 202 2532 an
219 2502 261 2531 ut
279 2492 461 2531 noudum
487 2492 590 2530 mihi
619 2494 755 2531 locum
782 2505 938 2530 sanasse
957 2491 1139 2532 videtur:
1177 2494 1334 2544 gravius
1353 2495 1500 2532 vuhnus
1525 2500 1597 2543 esf,

151 2574 283 2614 neque
303 2575 420 2600 causa
441 2563 570 2600 omitti
593 2561 732 2599 debuit
752 2575 831 2614 qua
855 2562 1139 2599 vetustissimus
1158 2569 1277 2612 poeta
1298 2561 1598 2614 dispositionem

153 2630 352 2682 copiarum
389 2629 711 2669 conunendavit:
775 2625 887 2683 ὄφρα
924 2627 990 2668 καὶ
1020 2625 1094 2668 οὐκ
1123 2626 1279 2670 ἐθέλων
1305 2643 1367 2677 τις
1399 2627 1597 2683 ἀναγκαίῃ
