1721 2974
159 153 238 192 336
601 147 876 203 Supplemenm
905 148 1166 188 annotationis

272 264 310 318 §.
341 267 410 305 59.
466 263 598 302 inseri.
645 259 774 300 Amb.
803 265 840 299 1.
871 257 981 299 Flor.
1011 274 1174 314 quoque
1203 262 1326 312 serio,
1374 262 1517 302 omisso
1544 262 1607 300 in-

159 333 286 372 terim.
396 332 550 383 generis
579 351 635 360 --
664 326 848 366 libellum.
907 326 1019 367 Flor.
1041 330 1194 380 generis
1224 331 1379 381 augusti
1406 331 1472 383 qui
1490 328 1610 369 militi

159 399 313 440 bellum.
382 396 509 437 Amb.
550 401 587 435 1.
627 411 717 448 gen.
758 412 874 449 aug„
933 405 1063 436 cetera
1099 404 1147 435 ut
1182 394 1289 435 Flor.
1382 411 1386 413 ’
1417 395 1606 435 dubitare.

158 465 287 508 Amb.
314 472 350 506 1.
380 464 489 504 Flor.
518 471 569 505 et,
586 465 662 516 ipsi
688 467 892 504 omittunt.
975 479 1099 503 assem
1120 464 1322 519 elephanto
1351 463 1432 504 cles.
1479 461 1610 503 Amb.
1674 463 1682 466 ’”

162 539 201 576 1.
234 548 396 589 quoque
421 542 455 569 et
475 529 592 568 semel
614 542 735 584 panto
757 531 836 572 des.

273 602 309 653 §.
344 605 409 638 60.
470 597 662 652 quaedam
690 614 730 640 υ,
790 598 858 639 Sic
889 599 1011 638 etiam
1045 597 1136 639 Par.
1165 605 1228 653 2.3
1269 597 1392 640 Amb.
1424 603 1462 639 1.
1501 596 1609 637 Flor.

158 684 229 722 pro
260 670 343 706 reri
372 667 468 705 dant
497 668 560 706 vi.
610 665 751 721 Camp.
783 683 859 706 ver.
975 665 1116 705 Vatia.
1147 691 1205 697 —
1244 684 1350 708 cmm·
1391 665 1459 708 Sic
1488 668 1611 704 etiam

158 735 279 776 Amb.
315 740 353 774 1.
391 733 500 774 Flor.
601 734 737 790 fient.
779 734 896 775 caml.
963 733 1031 774 Sic
1073 736 1197 774 etiam
1233 733 1344 775 Flor.
1455 748 1608 788 panem.

158 801 279 844 Amb.
308 806 346 841 1.
376 800 484 841 Flor.
515 804 638 841 etlam
663 813 877 857 parentem.

275 870 313 920 §.
347 873 412 909 61.
469 885 524 908 eae
563 869 697 910 simili.
759 869 900 924 Camp.
941 872 1101 910 omittit.
1161 868 1299 909 Turio.
1342 883 1365 908 a
1390 883 1451 922 pr.
1480 883 1537 908 m.
1576 877 1613 906 ct

157 941 248 977 sim.
318 936 428 976 Jens.
467 935 564 977 Loc.
608 936 719 977 Ven.
757 936 861 978 Ald.
910 941 1101 977 omittunt
1139 953 1209 977 ex.
1277 935 1398 976 Tarv.
1437 935 1484 974 (le
1523 938 1612 976 sim.

160 1004 297 1046 Guelf.
331 1002 453 1044 Goth.
485 1022 504 1044 e
533 1007 622 1045 sim.
740 1005 834 1047 alia.
891 1005 1029 1045 Turio.
1064 1021 1086 1045 a
1113 1021 1190 1044 sec.
1221 1020 1278 1044 m.
1319 991 1455 1044 Gueif.
1487 1001 1611 1043 Goth.

158 1073 280 1114 Voss.
312 1079 353 1114 2.
395 1072 534 1113 altera.
652 1073 803 1113 eborea.
863 1072 972 1112 Flor.
1016 1087 1038 1111 a
1065 1088 1124 1126 pr.
1157 1088 1214 1112 m.
1245 1087 1402 1126 quoque
1435 1070 1612 1123 epolitea,

158 1143 228 1183 sed
258 1144 303 1179 in
331 1155 455 1194 marg.
488 1141 668 1181 eburnea.
797 1140 924 1179 Fabii.
961 1138 1121 1180 *Turia
1153 1154 1175 1178 a
1203 1155 1262 1193 pr.
1294 1154 1351 1179 m.
1382 1138 1499 1178 Fabi.

158 1209 302 1262 lignea.
366 1207 503 1249 Turio.
539 1224 563 1248 a
592 1225 666 1250 sec.
698 1224 756 1250 111.
798 1209 945 1262 lingua.
1007 1205 1143 1248 Guelf'.
1187 1205 1349 1260 ligneas.
1465 1206 1612 1246 thecas.

156 1277 268 1319 Jens.
300 1276 441 1317 dietas.

275 1345 313 1395 §.
348 1349 414 1385 62.
475 1343 749 1399 amphiboliae.
817 1344 946 1385 Amb.
988 1349 1027 1384 1.
1068 1341 1176 1382 Flor.
1218 1339 1354 1381 Guelf.
1393 1338 1535 1394 Camp.
1574 1349 1614 1380 et
1674 1357 1677 1381 z

159 1413 250 1452 edd.
294 1421 385 1451 ante
428 1411 540 1463 Col.‚
603 1428 715 1454 exce.
760 1411 865 1453 Bad.
907 1412 1062 1453 Cervic.
1104 1408 1433 1465 amphibologiae.
1553 1407 1613 1448 A.

163 1478 306 1520 Galba.
358 1478 426 1520 Sic
457 1483 579 1520 etiffln
607 1480 716 1521 Flor.
783 1479 867 1521 Sed
894 1479 1023 1521 Amb.
1049 1485 1086 1520 1.
1120 1495 1144 1518 α
1175 1477 1203 1517 Ζ.
1241 1476 1384 1517 Galba.
1467 1474 1612 1530 pilam.
1675 1485 1676 1492 ¹

157 1546 285 1587 Amb.
317 1552 351 1586 1.
380 1546 486 1588 Flor.
520 1552 587 1603 qui
613 1567 653 1603 p.
710 1548 851 1603 Camp.
884 1551 948 1589 cui
971 1566 1016 1603 p.
1113 1547 1310 1587 haetenus.
1351 1543 1489 1585 Turio.
1508 1554 1616 1584 acte-
1674 1566 1676 1574 ,

159 1631 244 1656 nus.
306 1612 440 1655 Guelf.
475 1627 636 1655 attenus.

275 1685 312 1732 §.
347 1687 413 1722 63.
475 1683 672 1724 bibentem,
735 1682 859 1724 Goth.
892 1682 1095 1723 bidentem.
1156 1681 1298 1734 Camp.
1330 1680 1518 1721 libentem.

277 1753 313 1801 §.
348 1751 416 1790 64.
475 1750 548 1789 Ex
580 1761 704 1790 contr.
754 1751 865 1792 Jens.
898 1760 938 1790 et
967 1752 1059 1790 edd.
1091 1759 1182 1789 ante
1212 1748 1327 1789 Sich.
1361 1764 1381 1786 e
1402 1757 1527 1787 contr.

158 1817 376 1876 praefecto.
433 1816 574 1871 Camp.
604 1817 801 1875 profecto.
901 1818 1092 1857 mittebat.
1140 1816 1207 1857 Sic
1239 1818 1359 1855 etiam
1383 1814 1492 1855 Flor.
1521 1813 1613 1855 Par.

162 1891 200 1926 1.
318 1885 475 1940 displic.
535 1884 668 1926 Guelf.
699 1886 865 1941 displac.
984 1885 1113 1941 facit.
1172 1884 1281 1924 Flor.
1317 1881 1459 1935 Camp.
1485 1880 1613 1938 ficit.

243 1970 296 1993 es.
351 1952 484 1994 Guelf.
515 1964 584 1994 est.
700 1957 846 2008 opinio.
906 1952 1042 1993 Turio.
1075 1968 1098 1991 a
1119 1967 1179 2005 pr.
1201 1966 1256 1990 m.
1287 1952 1429 2005 opimo.
1543 1948 1613 1990 M.

160 2019 230 2061 Sic
274 2023 396 2061 etiam
435 2020 589 2061 Cervic.
632 2021 744 2062 Sieh.
818 2021 936 2061 DIar.
983 2019 1087 2060 Bad.
1128 2018 1260 2059 Colin.
1397 2016 1445 2056 V
1441 2019 1613 2057 estinius.
1647 2052 1657 2058 .

159 2088 286 2130 Amb.
310 2095 348 2130 1.
380 2092 562 2130 vestinus.
609 2089 716 2130 Flor.
747 2092 944 2130 vestimus.
1058 2089 1297 2128 nunciatum.
1351 2083 1488 2126 Guelf.
1514 2101 1615 2124 nun-

159 2160 269 2198 iiam.

275 2225 309 2276 §.
344 2227 411 2264 65.
472 2226 522 2263 iis
554 2227 632 2279 qui.
691 2224 829 2266 Turic.
872 2223 1009 2265 Guelf.
1039 2222 1150 2264 Sich.
1192 2223 1253 2262 liis
1281 2222 1358 2276 qui.
1417 2219 1553 2260 Turic.
1590 2235 1614 2260 a

160 2307 237 2332 sec.
264 2307 317 2332 m.
348 2290 487 2345 Camp.
519 2293 580 2332 liis
609 2310 720 2348 quae.
851 2293 1035 2349 efficiam.
1095 2290 1233 2331 Turic.
1266 2305 1289 2328 a
1320 2304 1380 2342 pr.
1412 2303 1468 2327 m.
1496 2287 1610 2329 Flor.

163 2360 350 2415 afficiam.
445 2360 621 2401 alternis.
677 2360 817 2415 Camp.
849 2360 1024 2400 alterius.
1129 2357 1370 2398 saltatorem.
1420 2354 1547 2396 Amb.
1571 2360 1610 2396 1.

162 2425 300 2468 Turio.
333 2442 355 2466 a
373 2443 432 2481 pr.
457 2444 510 2468 m.
541 2428 648 2469 Flor.
679 2429 877 2469 salton-em.

277 2497 312 2548 §.
349 2499 412 2536 66.
466 2496 660 2550 penulam.
706 2496 844 2537 Turio.
876 2505 915 2536 et
935 2494 1044 2536 Flor.
1076 2509 1175 2547 apr.
1196 2507 1252 2532 m.
1278 2489 1524 2546 penaculam.

162 2559 263 2613 pluit
282 2565 379 2617 ipse.
431 2562 538 2605 Flor.
569 2580 667 2619 apr.
687 2581 743 2606 m.
765 2569 884 2606 inser.
907 2566 979 2603 iia.
1091 2562 1280 2617 propriis.
1325 2558 1435 2600 Flor.
1468 2558 1607 2614 Camp-

159 2632 420 2687 ΡΓΟΡΓίίςΊΠΕ·
531 2634 693 2692 ffctis.
747 2631 871 2676 Goth.
889 2630 1110 2691 affictibus.
1161 2626 1301 2683 Camp.
1320 2627 1498 2686 ffctus.
