1721 2974
356 137 410 177 acl
441 136 604 192 Quintil.
635 135 766 176 Instit.
797 134 878 184 IV,
912 141 950 176 2.
985 136 1023 185 §.
1056 139 1253 177 55—62.
1445 143 1525 179 201

189 252 226 302 ξ.
263 256 330 292 59.
391 249 573 304 Frigida.
631 247 758 289 Amb.
783 254 820 289 1.
839 248 1012 304 fingere.
1128 248 1320 289 videntur.
1384 252 1524 304 Camp.

77 316 287 358 videretur.
395 318 469 358 hoc
493 316 758 372 manffestum.
820 315 888 356 Sic
923 320 1043 356 etiam
1069 319 1196 367 Flor.,
1225 320 1437 371 insequens
1474 329 1530 357 est

81 389 276 425 omittunt
306 387 397 425 edd.
440 394 532 424 ante
565 382 722 438 Gryph.
755 399 842 424 exc.
884 382 984 424 Ald.
1027 393 1065 423 et
1100 382 1214 424 Sich.
1315 384 1529 440 stfellerit.

79 450 184 492 Edd.
207 462 298 492 ante
321 452 476 507 Gryph.
494 451 733 507 ffillcrint.
821 451 1127 505 cleptelzcnclitur.
1173 451 1300 491 Amb.
1317 458 1355 492 2.
1385 453 1530 506 Cz.1mp

81 520 343 573 (Τιρηηιῖἰιην.
405 520 514 572 [Fr-ic,
499 535 584 557 frere
624 521 860 572 exquisitius
898 522 1017 558 facile
1056 519 1188 559 videbi
1192 528 1257 557 tur
1295 536 1417 574 quam
1441 521 1533 577 fri-

77 587 197 637 gisla,
239 589 310 627 sed
339 603 409 627 cur
439 586 544 640 quod
571 601 655 624 non
689 589 918 636 conjunctio
962 590 1037 637 sit,
1077 587 1148 625 sed
1177 601 1424 640 pronomen,
1462 591 1534 628 vix

82 669 147 693 me
177 657 304 695 fateor
331 657 580 706 intelligere.
613 653 717 691 mihi
745 663 850 692 certe
880 656 935 693 sic
958 656 1157 693 sententia
1182 655 1393 706 procedere
1422 657 1535 694 vide-

85 731 171 762 tur:
205 737 251 761 ea
277 725 362 776 ipsa
391 737 433 760 re
462 723 716 773 intelligitur,
749 724 819 775 qui
846 725 1019 761 narratio
1053 721 1135 775 (vel
1165 720 1321 777 Cicero)
1361 724 1536 774 judicem

81 792 220 829 fallere
246 793 445 844 potuerit,
477 790 587 844 quod
617 792 724 827 mala
756 792 836 840 ejus
867 790 961 828 fides
993 792 1063 830 vix
1092 804 1114 828 a
1142 791 1290 828 lectore
1311 791 1538 843 deprehen-

82 858 221 910 ditur]
321 857 504 914 faciani.
565 855 633 896 Sic
664 860 787 895 etiam
813 856 938 897 Amb.
973 862 1010 897 1.
1070 856 1218 897 ..Flor
1253 855 1343 897 Par.
1370 863 1406 898 1.
1430 864 1470 898 2.
1496 864 1535 899 3.

195 948 231 998 §.
265 951 331 986 60.
391 945 500 985 Nam
531 962 577 984 nc
607 949 823 986 contraria.
879 945 1000 986 Amb.
1037 952 1073 987 1.
1116 962 1208 986 nam
1243 947 1285 985 icZ
1315 947 1467 1000 quidem
1494 965 1540 988 ne

83 1030 162 1068 qua
196 1017 411 1054 contraria.
451 1013 572 1054 'Flor.
606 1031 696 1052 nam
725 1013 767 1052 id
794 1014 899 1068 quod
929 1025 985 1053 cst
1017 1031 1062 1053 ne
1093 1026 1218 1054 contr.
1281 1012 1416 1056 Guelf.
1450 1033 1540 1055 nam

84 1098 200 1135 neque
228 1093 350 1122 contr.
465 1092 533 1120 aut
562 1082 638 1120 sibi
672 1099 750 1136 rep.
804 1081 931 1122 Amb.
960 1088 1000 1123 2.
1032 1081 1149 1123 Voss.
1186 1072 1224 1122 1.
1255 1087 1295 1122 2.
1330 1087 1369 1123 3.
1409 1086 1538 1123 omitt.

83 1149 172 1189 sibi.
293 1149 457 1204 reliqua.
514 1146 637 1189 Ana),
653 1155 692 1189 2.
728 1166 854 1204 reque.

198 1243 232 1290 §.
264 1244 329 1278 61..
392 1239 565 1294 quidam.
627 1237 738 1279 Gibs.
783 1239 949 1293 quidem.
1063 1239 1540 1294 μεγαλοπρέπειαν.

85 1306 207 1347 Amb.
232 1313 268 1348 1.
304 1323 325 1346 a
346 1324 406 1361 pr.
432 1323 487 1347 m.
521 1305 643 1347 Goth.
674 1310 1116 1362 μεγαλοπρεζῑιαν.
1156 1307 1292 1347 Turio.
1321 1311 1545 1361 μεγαλο-

86 1392 333 1430 πρεπεαν.
442 1375 619 1429 judiciis.
677 1372 799 1414 Amb.
824 1381 862 1415 2.
892 1375 1052 1427 judicis.
1167 1375 1214 1413 de
1242 1386 1348 1414 ceria
1380 1375 1543 1415 credita.

87 1444 155 1483 Sic
188 1447 309 1483 etiam
348 1441 471 1483 Amb,
509 1449 545 1482 1.
579 1448 619 1482 2.
661 1441 768 1481 Flor.
802 1458 822 1480 a
853 1458 912 1495 pr.
945 1458 1000 1481 m.
1032 1442 1122 1482 Par.
1146 1449 1186 1483 2.
1251 1443 1400 1482 credito
1430 1442 1543 1483 Sich.

90 1511 302 1565 [Alterum
333 1512 450 1561 hujus
480 1513 627 1563 ellipsis
647 1512 883 1562 exemplum
905 1519 962 1549 est
982 1503 1098 1560 VIII,
1113 1515 1151 1560 3,
1171 1509 1259 1562 14]
1356 1510 1486 1550 locato
1511 1520 1546 1548 et

90 1579 294 1620 conducto,
355 1578 462 1618 Flor.
496 1593 609 1618 asec.
628 1593 683 1617 m.
713 1577 819 1617 Jens.
850 1576 949 1617 Loc.
983 1577 1093 1617 Ven.
1129 1577 1262 1618 locata
1281 1589 1316 1616 et
1340 1578 1547 1618 conducta.

177 1663 295 1701 neque
318 1663 480 1700 semper.
529 1644 596 1686 Sic
618 1649 738 1684 etiam
758 1644 884 1685 Amb.
901 1651 937 1685 1.
953 1652 992 1686 2.
1024 1645 1131 1687 Flor.
1176 1687 1179 1690 ,
1235 1656 1277 1684 ut
1297 1645 1371 1686 vel.
1406 1645 1545 1695 ‘Amb.

92 1721 130 1756 1,
164 1714 273 1754 Flor.
306 1717 426 1753 etiam
457 1713 574 1753 velut.
639 1711 787 1764 [Quod
816 1716 849 1752 si
879 1714 1157 1766 recipiendum
1187 1724 1269 1766 est,
1302 1723 1347 1753 ut
1377 1715 1548 1764 videtur,

89 1791 252 1836 propter
296 1784 588 1822 auctoritatem·
623 1784 789 1821 illorum
828 1783 1046 1832 librorum,
1086 1791 1270 1822 construe
1320 1785 1400 1822 sic:
1442 1781 1552 1836 quod

90 1854 213 1890 etiam
243 1853 429 1902 exemplo
460 1849 686 1889 Miloniano
725 1858 858 1902 patet,
901 1853 1014 1889 velut
1052 1853 1264 1903 proximo,
1303 1853 1332 1891 i.
1365 1848 1400 1890 e.
1441 1849 1551 1904 quod

89 1927 285 1971 tanquam
312 1920 542 1969 proximum
585 1918 732 1967 laudo,
775 1919 927 1971 alioqui
959 1920 1036 1956 alia
1068 1921 1270 1970 permulta
1309 1919 1437 1969 sunt-J

89 1986 282 2039 prooeimo
313 1986 503 2027 omittunt
545 1985 636 2024 edd.
678 1984 787 2024 Jens.
826 1982 927 2024 Loc.
966 1983 1105 2036 Ven.,
1147 1988 1247 2025 item
1278 1987 1406 2026 codex
1434 1984 1554 2037 Regii

104 2068 157 2107 ip.
196 2050 300 2092 Bad.
417 2050 599 2105 exemplo
630 2050 874 2091 Zmiloniano.
917 2049 1042 2092 Goth.
1086 2062 1126 2092 et
1155 2053 1248 2094 edd.
1289 2063 1382 2094 ante
1412 2042 1553 2105 [Stoer.

94 2120 236 2159 ordine
265 2121 440 2158 inverso.

207 2212 242 2261 §.
277 2213 345 2248 62.
407 2206 461 2245 Et
490 2223 602 2248 mem.
665 2206 800 2249 Guelf.
844 2207 985 2262 Camp.
1019 2209 1148 2248 omitt.
1182 2218 1232 2248 ct.
1348 2208 1453 2264 quod
1480 2224 1557 2248 ex-

93 2277 287 2331 ponimus.
359 2273 500 2329 Camp.
542 2276 639 2330 quicl
666 2292 813 2331 expon.
940 2277 1151 2331 magnifice
1183 2276 1223 2317 d.
1291 2276 1429 2317 TurIc.
1470 2292 1560 2316 mov-

95 2346 347 2399 gnificentiae
374 2343 414 2384 d.
532 2344 699 2384 dulciter
739 2348 869 2385 omitt.
903 2343 1044 2398 Camp.
1162 2361 1252 2384 cum
1285 2361 1354 2384 suo
1387 2359 1560 2399 quac-que

100 2411 203 2452 loco.
261 2411 370 2452 Flor.
399 2411 491 2452 I’ar.
528 2417 566 2452 1.
600 2416 730 2454 omitt.
763 2416 884 2452 etiam
915 2428 1101 2468 quaeque.
1158 2410 1281 2453 Amb.
1313 2419 1354 2454 2.
1397 2426 1559 2468 quoque

102 2480 171 2518 dat
201 2496 233 2519 c.
262 2497 295 2520 ε.
328 2497 475 2535 quoque
507 2479 531 2520 Ζ.
655 2484 875 2535 assignata.
930 2479 1058 2521 Amb.
1091 2486 1133 2522 2.
1174 2480 1399 2535 adsignata.
1523 2488 1560 2518 et

101 2545 205 2585 velut
232 2546 379 2588 dedita.
440 2545 576 2589 Guelf.
603 2546 726 2589 Amb.
762 2555 803 2591 2.
833 2548 960 2590 Bern.
990 2559 1046 2588 est
1075 2547 1224 2589 dedita.
1281 2547 1401 2590 Voss.
1435 2552 1475 2588 3.
1506 2557 1562 2587 est

102 2612 221 2654 velut.
253 2614 340 2655 ded.
