1721 2974
113 172 164 203 90
546 157 819 214 Supplcmenla
861 160 1124 197 annotationis

222 276 258 326 ξ.
293 278 358 314 11.
420 271 528 312 Nam
545 282 581 311 et
600 275 664 313 iis.
723 273 764 312 in
782 278 870 325 post
891 280 925 308 et
945 271 1127 311 inserunt
1148 268 1265 312 Alm.
1289 269 1430 314 Turio.
1450 273 1556 316 Flor.

108 342 234 383 Amb.
259 347 294 381 1.
327 339 449 382 Goth.
481 340 600 382 Voss.
624 346 663 380 2.
697 338 851 392 camp:
871 337 982 378 Jens.
1004 347 1043 379 et
1060 348 1161 393 post.
1181 348 1274 379 ante
1295 339 1406 381 Sich.
1426 372 1438 392 ‚
1477 358 1556 383 acc.

110 412 242 452 Colin.
303 409 362 447 Izis
396 407 502 448 Flor.
535 407 663 448 Amb.
697 413 735 446 1.
768 404 903 446 Guelf.
943 404 1084 460 Camp.
1120 406 1242 448 Tarv.
1276 406 1386 448 Ven.
1419 408 1557 462 Sich.;

107 479 177 518 sed
198 477 333 517 Turio.
357 478 419 516 iis.
532 478 707 514 veritate.
768 475 994 513 necessitate
1021 473 1131 514 Jeus.
1166 473 1288 516 Tarv.
1307 473 1407 516 Loc.
1431 475 1558 527 Ven.‚

108 546 196 587 cod.
220 553 418 599 quantum
436 543 580 593 video,
619 543 769 581 nullus.
885 540 1240 582 demonstrativum.
1289 541 1561 583 demonstran.-

106 617 201 653 n'nm
240 612 376 652 Turio.
423 609 544 650 Bodl.
605 607 973 649 demonstrationum
1020 608 1127 649 Jens.
1165 609 1284 650 Tarv.
1328 620 1367 650 et
1406 614 1559 651 multae

107 681 197 721 edd.
227 689 321 720 vett.
349 694 445 719 cum
471 675 593 718 Goth.
705 692 847 729 genus,
887 693 1009 732 per-m.
1066 694 1189 731 perm.
1218 695 1307 731 gen.
1337 678 1445 719 Flor.

107 766 180 788 non
210 746 318 804 corf.
348 757 384 785 et
414 761 502 786 non.
537 761 572 786 o.
609 742 749 798 Camp.
782 743 896 786 Sioh.

219 817 256 866 ξ.
291 820 355 855 12.
415 814 601 867 quoniam
623 823 692 852 est.
745 811 937 866 quomodo
960 823 1014 851 est
1037 811 1178 866 Camp.
1202 812 1321 854 Bodl.
1375 816 1560 868 quoniam

105 894 245 924 autem.
301 881 458 937 quando
479 898 518 922 α.
547 879 682 932 Flor.3
722 889 893 935 utroque
916 883 1006 920 loco
1036 879 1151 921 Ahu.
1183 898 1273 935 quo.
1305 880 1443 921 Turio.
1465 885 1527 921 sil.

218 955 253 1003 ξ.
288 955 354 990 13.
424 959 592 988 actores.
662 957 767 988 auct.
815 946 955 1001 Camp.
995 946 1117 988 Bodl.
1235 965 1304 988 nec
1331 973 1389 981 —-
1417 966 1498 989 nec.

106 1035 225 1074 neque
259 1042 316 1048 —
352 1032 472 1071 neque
512 1015 651 1056 Turio.
695 1014 802 1055 Flor.
844 1013 979 1056 Guelf.
1022 1015 1150 1055 Amb.
1183 1021 1223 1056 2.
1268 1014 1408 1070 Camp.
1452 1016 1555 1057 Obr.

107 1090 197 1126 fort.
237 1083 364 1125 Amb.
397 1088 436 1124 1.
548 1081 694 1137 procul
721 1092 814 1121 iam.
875 1093 969 1124 tam.
992 1099 1104 1136 proc.
1142 1080 1266 1124 Goth.
1299 1081 1431 1124 Guelf.
1464 1099 1558 1124 cum

44 1192 47 1194 .
104 1154 213 1195 Jens.
245 1161 285 1192 et
311 1160 412 1205 post.
442 1159 534 1192 ante
558 1148 714 1206 Gryph
773 1148 1000 1205 Receptum
1019 1151 1202 1190 ordinem
1221 1159 1386 1191 tuentur
1415 1150 1554 1192 Turio.

103 1221 210 1262 Flor.
245 1219 385 1274 Camp.

218 1290 253 1340 §.
287 1288 354 1327 14.
412 1286 467 1327 αἶ.
488 1303 571 1330 nos.
622 1303 692 1326 nos
715 1285 770 1327 al.
802 1285 909 1327 Flor.
1026 1300 1082 1324 ex
1105 1286 1167 1325 iis.
1210 1301 1266 1325 σοι·
1289 1288 1388 1341 ipsis
1410 1286 1553 1340 Camp.

103 1358 237 1399 Ceteri
265 1357 329 1395 sil.
390 1353 485 1408 [Cf.
512 1351 566 1404 Π,
599 1358 648 1404 5,
678 1358 731 1396 26
763 1356 862 1395 item
892 1351 946 1404 II,
983 1356 1050 1403 11,
1078 1354 1145 1392 14.
1177 1351 1340 1406 Spald]
1456 1371 1556 1408 quas

91 1428 208 1481 since.
269 1439 369 1477 quae
392 1421 531 1462 Turio.
559 1421 667 1462 Flor.
695 1421 810 1462 Alm.
924 1419 1118 1460 videntur.
1177 1420 1329 1460 videtur
1358 1419 1486 1462 Amb,
1514 1427 1552 1462 1.

64 1490 71 1494 ’
103 1493 169 1532 Ex
199 1490 312 1532 Alm.
344 1489 488 1531 Burm.
524 1491 640 1530 affert
671 1489 876 1542 videntur5
914 1489 984 1529 sed
1011 1503 1104 1528 cum
1135 1487 1214 1527 hoc
1235 1491 1418 1542 inipsius
1438 1498 1555 1529 textu

100 1563 177 1611 sit,
226 1559 385 1599 videtur
417 1571 577 1598 errasse.
694 1556 819 1597 liberi.
880 1557 1026 1598 liberos
1063 1559 1185 1596 etiam
1215 1556 1324 1597 Flor.
1355 1556 1481 1598 Amb.
1512 1563 1552 1598 2.

100 1627 226 1669 Paris.
258 1631 294 1666 1.
332 1631 373 1666 2.
411 1628 450 1667 5.
520 1624 670 1666 Siletur
708 1623 836 1665 Amb.
873 1630 911 1666 1.
1030 1624 1125 1665 alia.
1184 1622 1246 1665 Ita
1283 1627 1405 1664 etiam
1443 1624 1552 1666 Flor.

102 1694 229 1735 Amb.
265 1699 304 1735 2.
346 1692 471 1734 Paris.
504 1697 541 1733 1.
571 1698 611 1733 2.
636 1698 673 1733 3.
709 1691 810 1734 Obr.
847 1695 940 1734 fort.
968 1691 1097 1733 Amb.
1131 1697 1169 1733 1.
1229 1703 1263 1732 et
1292 1691 1377 1733 alia
1410 1691 1552 1747 Camp.

102 1763 259 1817 aliaque
286 1764 437 1815 primus
468 1761 577 1801 dedit
614 1758 770 1815 Gryph.

214 1832 248 1882 ᾗ.
284 1833 348 1871 15.
409 1827 515 1880 Quin
541 1828 638 1883 aliq.
701 1828 805 1879 Quin
831 1842 908 1867 om.
938 1825 1075 1867 Turio.
1107 1825 1213 1866 Flor.
1243 1825 1368 1867 Amb.
1398 1834 1437 1868 1.

100 1915 170 1938 suo
201 1895 504 1952 quaequessoco.
562 1912 595 1936 s.
625 1912 775 1950 quoque
801 1894 827 1934 Ζ.
869 1894 996 1935 Amb.
1029 1900 1066 1934 1.
1099 1909 1121 1933 a
1142 1911 1201 1947 pr.
1225 1910 1279 1934 m.
1311 1894 1430 1935 Voss.
1454 1900 1490 1935 1.
1512 1902 1551 1935 2.

103 1982 197 2006 cum
235 1964 345 2006 Jens.
384 1962 483 2004 AJd.
609 1974 737 2003 tamen
769 1979 827 2003 ne.
896 1979 943 2001 ne
973 1972 1065 2002 tam.
1109 1961 1241 2013 obn,
1293 1976 1377 2002 non
1419 1963 1549 2003 addin.

102 2032 227 2074 Amb.
261 2037 298 2072 1.

672 2143 705 2184 C
736 2156 764 2184 A
798 2159 834 2184 ι’.
894 2140 983 2184 XI.

211 2236 249 2288 §.
283 2240 320 2274 1.
379 2233 481 2274 hinc.
543 2232 611 2272 hic
639 2235 762 2273 etiam
778 2232 886 2274 Flor.
908 2228 1035 2272 Amb.
1060 2236 1100 2273 2.
1132 2230 1254 2272 Paris.
1280 2236 1317 2271 1.
1341 2234 1378 2272 5.
1406 2231 1548 2286 Camp.

104 2305 197 2343 hinc
234 2302 358 2343 Paris.
394 2307 434 2343 2.
560 2301 703 2343 obstat.
772 2301 902 2341 obstit.
944 2299 1085 2353 Camp.
1209 2309 1353 2353 putent.
1410 2311 1551 2355 putant

106 2369 244 2422 Camp.
268 2384 360 2409 cum
378 2367 498 2410 Voss.
524 2373 562 2409 1.
587 2373 626 2408 3.
737 2385 858 2422 egere.
919 2366 1043 2421 legere
1073 2369 1194 2407 etiam
1222 2365 1328 2406 Flor.
1361 2383 1383 2406 a
1408 2383 1468 2421 pr.
1492 2383 1547 2407 111.

188 2436 418 2490 hujusmodi.
478 2439 609 2492 ejusm.
637 2435 772 2477 Turio.
803 2433 925 2476 Goth.
957 2434 1096 2488 Camp.
1126 2432 1233 2474 JenS.
1265 2450 1359 2474 cum
1388 2445 1549 2488 posterla

106 2512 198 2543 ante
218 2501 349 2544 Coliu.
466 2515 500 2544 et
518 2502 678 2558 vulgari
695 2503 809 2544 modo
836 2517 916 2543 om.
940 2501 1064 2554 Obr„
1096 2517 1180 2541 non
1207 2503 1337 2542 addic.
1359 2501 1491 2542 Amb..
1511 2507 1546 2542 1.

190 2572 322 2623 magni
349 2588 466 2626 quoq.
528 2587 645 2628 quoq.
681 2588 813 2621 moyn.
844 2570 952 2612 Jens.
986 2579 1026 2609 et
1058 2572 1158 2609 aliae
1192 2568 1280 2609 edd.
1314 2579 1430 2619 vett„
1461 2570 1548 2608 cod.

748 2602 767 2624 3

107 2639 256 2677 nullus.
351 2636 494 2691 νόημα.
543 2643 696 2693 enigma
714 2638 838 2680 Amb.
877 2643 914 2679 1.
1011 2637 1101 2688 scd,
1131 2640 1178 2677 si.
1226 2636 1295 2676 secl
1312 2652 1390 2677 om.
1410 2635 1546 2677 Turic.
