1721 2974
139 187 218 225 180
574 177 847 234 διιρρῖσννιεηία
876 177 1138 215 annotationis

253 300 291 350 §.
322 296 388 335 44.
443 292 551 333 Illud
572 316 628 324 —-
645 300 892 346 pracceptum
921 290 983 328 sir.
1044 285 1105 327 Ita
1133 285 1224 327 Par.
1247 293 1303 339 2.,
1333 288 1402 328 sed
1453 289 1509 330 ill.
1527 314 1584 322 ——-

140 366 403 421 praeceperim
431 360 554 401 Amb.
586 365 624 399 1.
658 365 695 399 2.
735 357 825 397 Par.
860 360 899 398 5.
942 355 1082 406 Sicl1.,
1119 355 1178 395 ill,
1201 380 1258 386 ....
1279 361 1586 410 praeceperimus

143 420 251 475 F10r'.
283 431 378 487 (nisi
398 432 442 469 in
462 430 539 468 hoc
560 436 615 465 est
639 425 763 477 aliua)
793 423 883 464 Par.
907 428 945 464 1.
1046 423 1094 462 ab
1125 425 1186 462 iis.
1239 423 1292 483 'ab
1321 423 1381 460 ms
1409 420 1530 463 Amb.
1548 429 1586 464 1.

145 499 267 542 Goth.
312 496 446 538 Guelf.
487 494 625 545 Camp.
663 491 775 531 Sich.
896 501 1067 546 prosunt.
1133 492 1286 544 prosint
1325 487 1448 529 Goth.
1489 489 1590 544 (sive

144 571 274 622 potius
307 562 459 615 Guelf.)
491 575 583 600 cum
612 559 703 599 Par.
740 564 776 598 1.
809 557 920 598 Sioh.
1037 556 1085 597 Si
1115 574 1248 597 causa.
1301 555 1424 597 Goth.
1455 559 1593 597 inserit

147 638 245 674 enim
274 648 365 673 cum
387 630 476 669 edd.
509 636 600 666 ante
631 624 802 680 Gryph.‚
838 642 925 666 exc.
957 624 1096 678 Camp.
1121 623 1222 664 Ald.
1253 622 1366 665 Sich.
1481 624 1595 663 labo-

149 703 330 742 rabimns.
381 695 502 736 Goth.
537 693 759 733 laboramus
799 703 892 733 cum
929 693 1048 734 Voss.
1081 698 1121 732 2.
1152 701 1191 731 et
1221 692 1311 731 edd.
1342 700 1434 731 ante
1464 687 1593 740 Sich.',

149 785 236 809 exc.
268 767 409 817 Camp.
525 760 621 815 quid
649 760 852 801 adver-sar.
890 761 998 800 Flor.
1029 774 1051 798 a
1078 774 1138 812 pr.
1169 774 1225 798 m.
1278 761 1347 813 qui
1372 758 1464 799 aclv.

261 835 298 885 §.
328 833 396 872 45.
455 829 501 867 In
535 831 598 868 iis.
653 831 694 866 in
721 829 781 867 his
810 827 932 868 Amb.
963 833 999 867 1.
1033 826 1166 867 Guelf.
1199 825 1339 879 Camp.
1374 825 1485 866 Sich.

150 910 341 960 poterunt.
386 896 524 937 Turio.
556 910 578 934 a
608 911 666 948 pr.
697 911 752 934 m.
808 906 1014 950 potuerunt
1044 910 1137 934 cum
1166 894 1273 934 Flor.
1296 908 1392 946 apr.
1411 909 1466 933 m.
1499 893 1593 948 (sec.

151 987 207 1011 m.
238 964 364 1020 vulg.)
399 963 515 1003 Alm.
573 966 769 1017 potuerint
799 962 935 1002 Turio.
969 978 990 1001 a
1021 978 1097 1002 sec.
1123 978 1179 1002 m.
1220 960 1343 1001 Amb.
1377 966 1414 1001 1.
1457 959 1598 1014 Camp,

277 1031 555 1073 elaborandum
594 1041 649 1069 ut.
699 1029 834 1069 Turio.
876 1039 914 1069 et
951 1029 1060 1068 Flor.
1102 1045 1123 1068 a
1159 1046 1220 1083 pr.
1259 1043 1316 1069 m.
1381 1027 1491 1068 clabo
1531 1039 1599 1079 ut,-

155 1105 292 1146 Turic.
325 1117 348 1140 a
378 1116 456 1140 sec.
486 1114 542 1138 m.
602 1096 804 1136 elaborare
835 1107 900 1149 111,-
941 1096 1049 1136 Flor.
1088 1111 1112 1134 a
1147 1112 1222 1151 sep.
1251 1111 1306 1135 m.
1361 1095 1602 1135 elaboratum

157 1184 220 1224 ut,
252 1187 274 1210 a
302 1185 358 1209 m.
390 1176 478 1208 tert.
509 1160 637 1218 vulg.'
733 1163 902 1218 Ideoque
924 1180 1049 1217 agere.
1112 1162 1254 1216 Camp.
1287 1162 1403 1217 idque
1432 1180 1498 1216 ag.

156 1240 302 1281 utiliter
329 1240 459 1275 etiam.
520 1232 720 1273 Ordinem
755 1234 918 1270 invertit
951 1230 1091 1284 Camp.

270 1307 307 1357 ξ.
339 1305 407 1344 46.
468 1300 576 1339 Nam
597 1317 636 1338 se
654 1316 815 1354 qaoque.
848 1298 985 1338 Turio.
1016 1298 1123 1338 Flor.
1145 1313 1167 1337 a
1183 1314 1243 1352 pr.
1262 1314 1318 1339 m.
1347 1296 1458 1338 Alm.
1483 1301 1604 1338 omit—-

157 1383 251 1415 *tunt
280 1390 331 1412 sc.
447 1369 609 1407 aditum.
669 1367 798 1406 aditus
841 1369 961 1405 etiam
992 1365 1099 1406 Flor.
1139 1365 1266 1406 Aan.
1297 1372 1337 1407 2.
1367 1365 1458 1406 Par.
1493 1371 1530 1407 1.
1564 1370 1604 1407 5.

159 1442 337 1494 Recepta
367 1446 424 1477 est
451 1439 495 1475 in
525 1436 614 1476 Par.
635 1441 691 1486 2.,
721 1437 811 1473 fort.
840 1433 965 1473 Amb.
988 1439 1025 1473 1.
1127 1433 1491 1491 faciat—influat.
1536 1432 1605 1473 Sic

158 1509 248 1549 Par.
276 1512 311 1546 1.
335 1512 373 1546 3.
404 1507 466 1554 5.‚
498 1512 538 1542 et
564 1505 649 1541 sine
680 1503 801 1541 dubio
831 1502 937 1541 Flor.
968 1501 1093 1541 Amb.
1126 1504 1189 1553 1.'3
1221 1511 1349 1552 recte,
1380 1516 1477 1541 nam
1504 1504 1608 1541 inest
1666 1496 1670 1500 ⁵

160 1577 391 1628 significatio
423 1574 505 1623 ejus
535 1573 643 1626 quod
671 1579 781 1623 optat
805 1572 891 1609 fieri
919 1572 1107 1623 script0r3
1153 1569 1268 1625 facit
1301 1572 1422 1608 etiam
1448 1569 1540 1609 Par.
1562 1574 1601 1608 2.

289 1641 363 1680 lzoc
393 1642 577 1693 primum.
652 1636 853 1678 Ordinem
885 1639 1049 1676 invertit
1088 1634 1208 1676 Goth.
1250 1651 1343 1676 cum
1380 1637 1472 1676 edd.
1512 1644 1605 1675 ante

162 1708 306 1757 Smer„
339 1722 425 1746 exc.
459 1705 602 1759 Camp.
709 1707 910 1743 inruemur.
968 1705 1184 1742 intueamur
1214 1707 1335 1743 etiam
1362 1703 1452 1744 Par.
1475 1708 1512 1743 1.

158 1793 252 1815 nam
279 1778 320 1814 in
348 1772 498 1814 scholm
559 1771 627 1813 Sic
657 1773 779 1811 etiam
807 1770 918 1810 Flor.
949 1786 971 1809 a
1000 1786 1059 1823 pr.
1084 1785 1156 1821 m.,
1185 1773 1278 1810 fort.
1310 1769 1522 1823 Amb.1.;
1564 1770 1608 1809 id

159 1846 297 1883 inserit
324 1841 434 1881 Flor.
465 1855 488 1880 a
520 1855 597 1880 sec.
627 1854 684 1879 m.
715 1838 806 1878 Par.
837 1844 903 1890 2.;
945 1836 1046 1876 illud
1073 1837 1164 1877 Par.
1195 1842 1234 1877 1.
1266 1836 1399 1878 Colin.
1514 1854 1608 1877 suae

161 1913 229 1950 rei.
290 1909 358 1948 Sic
388 1910 509 1947 efiam
534 1907 643 1948 Flor.
676 1904 803 1946 Aan.
836 1911 899 1956 l.;
932 1907 993 1943 sui
1022 1907 1079 1943 rei
1104 1903 1231 1944 Amb.
1262 1911 1304 1945 2.

273 1976 312 2028 ξ.
343 1976 412 2015 47.
466 1974 530 2013 Hi
552 1975 795 2026 sunt—qui.
839 1971 977 2011 Turio.
1026 1971 1100 2009 hae
1121 1987 1356 2025 s.—quae‚·
1384 1971 1481 2011 inde
1507 1971 1607 2013 Obr.

163 2042 234 2099 (ex
259 2041 444 2095 Argent„
472 2050 518 2081 ut
545 2038 719 2092 videtur)
749 2040 1029 2092 haec—quae,
1059 2052 1143 2076 non
1173 2039 1386 2077 accedente
1415 2037 1542 2078 Amb.
1569 2045 1609 2080 1.

292 2109 504 2165 pezjfertur.
584 2107 652 2148 Sic
694 2110 815 2146 etiam
849 2105 959 2145 Flor.
998 2104 1120 2145 Amb.
1160 2109 1197 2144 1.
1235 2112 1274 2146 2.
1312 2105 1404 2146 Par.
1435 2110 1472 2145 1.
1499 2112 1538 2146 2.
1568 2111 1607 2146 3.

160 2178 278 2219 Voss.
310 2193 423 2218 omn.
455 2175 579 2216 Bern.
679 2190 757 2229 qua
786 2175 859 2212 sui.
917 2188 1035 2227 quam
1057 2189 1089 2212 s.
1123 2170 1246 2213 Goth.
1277 2171 1416 2227 Camp.
1442 2171 1552 2212 Jens.

162 2256 309 2301 quanta
336 2244 447 2284 Flor.

275 2314 312 2364 §.
343 2314 413 2351 48.
472 2310 693 2349 adversarii
719 2311 836 2348 actio.
903 2307 1040 2348 Turio.
1073 2322 1096 2346 a
1121 2323 1180 2360 pr.
1219 2321 1274 2345 m.
1315 2305 1521 2346 adversari
1545 2325 1609 2356 a.,

162 2379 270 2419 Flor.
301 2394 324 2417 a
352 2393 412 2431 pr.
435 2393 492 2417 m.
532 2377 646 2417 Alm.
688 2376 921 2415 adversaria
951 2377 1070 2415 actio.
1193 2377 1419 2427 occupavit,
1451 2377 1498 2414 si.
1548 2372 1611 2414 Ita
1679 2366 1686 2405 'f'

166 2450 286 2485 etiam
313 2445 420 2484 Flor.
451 2443 574 2484 Amb.
606 2449 642 2483 1.
674 2450 714 2484 2.
744 2444 834 2483 Par.
856 2446 904 2482 “1.
931 2449 970 2483 2.
999 2447 1040 2481 3.
1097 2443 1345 2495 occupaverit
1371 2443 1407 2480 si
1444 2441 1535 2481 Par.
1567 2442 1610 2482 4.
1677 2461 1690 2481 s

1667 2501 1679 2515 .,

166 2512 275 2551 Sieh.
388 2511 612 2567 fatigatos.
658 2510 905 2566 fatigator-es
944 2509 1052 2548 Flor.
1094 2524 1115 2547 a
1152 2524 1210 2561 pr.
1249 2524 1304 2547 m.
1347 2507 1482 2548 Turio.

167 2578 364 2617 eludendo.
427 2576 494 2617 Sic
525 2581 646 2616 etiam
674 2576 765 2616 Par.
789 2582 827 2616 3.
859 2578 898 2616 4.
928 2576 1036 2615 Flor.
1058 2591 1081 2614 a
1107 2591 1166 2628 pr.
1194 2592 1274 2628 Jn.;
1314 2575 1471 2615 eluendo
1500 2574 1607 2615 Flor.
1668 2561 1675 2633 Β·

170 2662 190 2682 ει
220 2661 294 2684 sec.
327 2661 380 2683 m.
413 2643 535 2685 Amb.
563 2650 599 2684 1.
634 2659 656 2682 a
681 2659 759 2684 sec.
793 2659 849 2683 m.
883 2643 1007 2699 (quid
1034 2646 1140 2696 prius
1170 2645 1314 2694 fuerit,
1343 2658 1428 2683 nou
1452 2640 1607 2697 liquet)

1675 1099 1690 1149 ³5«—
1679 1084 1686 1094 Δ.
