1721 2974
5 28 8 71 Ι

6 134 9 178 i
295 140 350 182 aa
381 139 547 195 Quintil.
577 138 705 180 Instit.
737 136 864 193 VIII,
895 142 936 180 6.
974 140 1012 189 §.
1039 142 1241 183 37—57.
1414 149 1496 187 387

7 255 10 327 r
37 256 182 310 aliquis
211 263 368 309 poterat
397 255 448 294 ad
476 255 608 294 simile
635 254 803 293 verbum
829 268 969 293 canere
995 256 1062 294 vel
1087 267 1249 295 cantare
1267 261 1492 303 transferre.

121 322 252 364 modo.
303 321 427 364 Amb.
453 327 491 362 1.
512 337 603 361 eam
622 335 765 361 vocem
785 335 870 361 non
889 321 1034 375 habet,
1062 337 1140 364 nec
1160 324 1278 365 video
1302 342 1373 367 cur
1397 343 1497 369 con-

8 399 11 446 ξ
35 399 96 430 tra
118 394 394 445 auetoritatem
412 392 607 429 librorum
628 398 819 429 servetur.

8 476 13 521 ‘Q
153 472 190 523 ξ.
222 471 288 510 40.
349 470 552 509 convenire
588 468 720 507 verbo.
790 467 927 509 Etiam
966 466 1090 512 Alnb.
1127 475 1165 512 1.
1208 472 1400 526 interjicit
1437 474 1494 516 id,

10 553 13 585 ξ
36 536 154 579 Idem
175 547 215 579 et
233 537 357 578 Paris.
384 541 416 576 1.
438 541 479 577 2.
501 544 592 589 post
613 535 707 575 albi.

152 641 188 692 §.
220 640 290 679 41.
347 647 539 678 oneretur.
585 633 708 677 Amb.
730 642 768 678 1.
794 598 962 681 nsseretur.

152 722 190 770 §.
221 718 289 759 42.
348 718 464 757 utin.
512 714 637 755 Amb.
661 701 700 757 1.
720 718 793 756 uti.
903 716 1073 772 judices.
1122 717 1250 763 Amb.
1273 726 1310 764 1.
1335 723 1497 779 jungas.

123 802 272 842 quoque
292 788 332 825 in
351 801 426 840 quo
458 794 494 823 et
514 800 619 824 num.
667 781 796 825 Aan.
820 789 854 825 1.
885 787 951 840 qui
973 797 1010 825 et
1032 804 1136 829 num.

107 876 109 878 ·
153 868 190 915 §.
223 866 292 906 43.
352 874 394 903 ut
418 862 464 902 id
481 862 599 918 quod.
647 861 775 904 Amb.
799 869 837 904 1.
860 863 929 902 sed
950 880 1035 904 cum
1058 865 1120 914 id,
1162 875 1204 907 et
1229 876 1319 921 post
1345 872 1503 926 signifi..

40 943 107 972 cat
133 943 167 971 et
183 932 314 990 facit.
365 931 490 972 Paris.
514 935 550 970 1.
581 946 734 970 necesse
761 942 817 970 est
849 948 1020 986 semper,
1057 933 1127 972 secl
1147 936 1355 976 cumidem
1379 955 1505 994 appo-

40 1002 177 1049 situm,
221 1004 258 1040 si
287 1018 312 1040 a
341 1001 506 1054 proprio
540 998 744 1048 diviseris,
793 1001 998 1054 significat
1027 1010 1063 1038 et
1085 1001 1209 1057 facit.
1324 1005 1446 1047 Num,
1468 1018 1505 1047 et

6 1093 8 1102 ι
43 1066 176 1109 Carth.
223 1067 349 1109 Amb.
379 1073 417 1108 1.
447 1067 568 1107 Num.
591 1067 740 1108 Karth.
763 1069 850 1107 sine
871 1071 1168 1121 conjunctione.

156 1137 191 1188 ξ.
214 1137 284 1176 44.
316 1152 392 1176 non
413 1138 512 1176 item
530 1138 578 1175 ab
599 1133 727 1176 Amb.
742 1141 780 1176 1.
804 1138 924 1177 abest.
1011 1136 1073 1176 At
1094 1134 1186 1179 ἀλλ.
1211 1155 1343 1193 quam.
1375 1139 1505 1185 Amb.

43 1208 83 1245 1.
108 1203 162 1244 acl
184 1203 420 1258 allegoriam
448 1202 563 1257 quod.
680 1205 842 1259 interpr.
873 1203 998 1245 aliud.
1046 1203 1174 1246 Aan.
1197 1211 1236 1247 1.
1270 1210 1508 1265 interpreta-

41 1283 106 1311 tur
127 1282 162 1310 et
193 1272 326 1325 (prius
349 1271 418 1325 ut)
445 1270 570 1311 aliud.
686 1274 819 1312 etiam.
864 1269 915 1311 In
931 1271 1058 1313 Aan.
1091 1278 1130 1313 1.
1155 1283 1213 1314 est
1233 1280 1260 1313 ᾱ
1279 1279 1399 1318 etiam
1420 1281 1448 1320 i.
1468 1294 1506 1320 e.

44 1351 124 1381 aut.
182 1340 248 1381 Ex
272 1356 352 1395 quo
376 1349 498 1394 patet,
534 1338 764 1393 Spaldingii
785 1341 1056 1391 conjecturam
1077 1356 1217 1382 veram
1239 1359 1338 1386 esse.

10 1414 16 1454 [t
41 1409 160 1450 ,Prius
184 1420 240 1448 ut.
287 1407 414 1448 Amb.
440 1413 478 1447 1.
509 1409 638 1447 multa
668 1408 780 1448 addit
808 1409 890 1448 sic:
935 1407 1056 1447 Prius
1067 1411 1127 1464 fit
1144 1427 1265 1463 genus
1281 1411 1512 1470 plerumque

10 1488 14 1522 ’ζ
44 1478 281 1518 continuatis
323 1475 673 1527 translationibus,
720 1485 778 1517 ut.
899 1478 1101 1533 fluctuum
1132 1488 1249 1535 temp.
1305 1478 1432 1523 Amb.
1471 1487 1509 1523 1.

12 1527 16 1586 ,ἰ
34 1547 185 1604 fluctus
213 1555 250 1583 et
277 1554 534 1599 tempestates.

158 1614 194 1666 ᾧ.
226 1614 296 1653 46.
354 1610 604 1653 Menalcam.
650 1609 775 1651 Amb.
807 1615 847 1652 1.
877 1609 1113 1653 Menalcan.

159 1682 196 1731 §.
228 1681 298 1721 47.
359 1681 459 1719 enim
477 1695 705 1734 querorque.
754 1676 881 1720 Aan.
905 1683 944 1720 1.
976 1679 1053 1721 hoc
1074 1697 1228 1736 queror.
1285 1680 1338 1724 Iu
1365 1666 1510 1727 eodeni

42 1764 129 1791 non
147 1752 295 1802 legitur
315 1747 464 1796 verbis,
484 1770 488 1778 =
507 1748 734 1788 commode.

159 1821 196 1869 §.
229 1822 298 1858 50.
356 1832 383 1855 α
402 1826 518 1870 temp.
565 1814 694 1855 Amb.
718 1820 756 1855 1.
779 1825 1056 1871 tempestatem.

16 1933 20 1943 f
165 1886 202 1937 §.
235 1888 304 1924 51.
364 1893 489 1924 erunt.
522 1886 646 1924 etiam
671 1882 798 1926 Paris.
829 1889 870 1925 1.
899 1881 1027 1926 Amb.
1061 1888 1101 1924 1.
1157 1881 1276 1926 Idem
1304 1886 1341 1940 §.
1376 1891 1446 1930 52.
1474 1890 1513 1929 εἰ

0 1946 21 1994 ἰῖ
42 1970 142 2011 prae
159 1968 234 1992 non
257 1951 383 1992 dicta..

165 2022 202 2073 §.
233 2024 300 2060 53.
361 2035 431 2059 nec
450 2035 496 2059 ea
518 2020 608 2059 nisi.
661 2017 790 2059 Amb.
815 2023 853 2060 1.
879 2034 957 2058 non
980 2028 1016 2058 et
1034 2027 1164 2060 cetera
1181 2021 1231 2062 si.

163 2091 200 2139 §.
236 2091 302 2128 55.
361 2087 456 2142 quid
486 2086 533 2125 cle
561 2104 653 2141 quo.
700 2086 828 2127 Amb.
852 2091 890 2127 1.
922 2086 1017 2142 quic]
1047 2085 1095 2125 (ἵε
1127 2104 1202 2142 quo
1223 2104 1312 2143 quo.
1372 2087 1512 2132 Scribe

0 2188 4 2197 .
50 2174 201 2215 quoque
230 2170 350 2195 sensu
379 2157 573 2207 relativo,
615 2170 695 2211 quo
721 2156 766 2195 id
795 2169 1022 2209 pronomen
1048 2158 1227 2195 maxime
1245 2159 1426 2210 ponitur.

0 2234 6 2264 t
51 2227 182 2268 laudis
210 2223 338 2264 simul.
386 2221 513 2263 Aan.
538 2228 576 2264 1.
605 2223 737 2264 laudis
767 2233 895 2262 autem
926 2221 1056 2262 simul.
1143 2222 1284 2264 Verba
1313 2225 1431 2279 quale
1456 2237 1515 2267 est

1 2324 6 2334 .
52 2297 197 2336 desunt
236 2296 282 2332 iu
317 2291 446 2333 Amb.
476 2296 515 2332 1.
632 2293 675 2331 in
712 2308 756 2332 eo
797 2289 945 2331 codice.
1016 2289 1156 2332 Media
1192 2307 1277 2333 vox
1315 2295 1427 2335 abest
1462 2297 1514 2335 ab

0 2386 8 2393 -
51 2362 178 2404 Amb.
210 2366 248 2402 1.

0 2445 25 2478 μ
168 2431 204 2482 §.
236 2433 305 2470 56.
364 2425 700 2483 quemadmodum.
736 2424 864 2466 Amb.
888 2431 926 2467 1.
953 2426 1026 2467 sed
1046 2440 1100 2468 ex
1121 2436 1288 2470 correct.
1308 2428 1425 2484 quale
1440 2440 1513 2473 est.

169 2500 206 2550 ᾗ.
240 2501 310 2538 57.
367 2507 436 2536 aut
467 2497 589 2536 bonae
621 2497 679 2534 rei
703 2496 842 2548 gratia.
862 2493 1070 2549 quaedam.
1116 2493 1245 2537 Amb.
1271 2501 1309 2537 1.
1331 2499 1414 2539 sic:
1445 2508 1516 2538 aut

0 2550 34 2633 cb}
58 2566 182 2607 honae
201 2568 258 2605 rei
271 2567 410 2618 gratia
429 2575 497 2604 aut
519 2562 710 2619 quaedam
731 2565 943 2604 contrariis
961 2563 1226 2619 significemus
1236 2593 1250 2615 ‚
1288 2563 1402 2605 aliud
1419 2576 1516 2607 tex-

0 2651 12 2675 n
32 2639 35 2672 i
58 2644 141 2674 ium
165 2644 346 2689 spectaco
377 2637 416 2673 a·
446 2634 766 2675 enumeravimus.

918 2696 1053 2740 Bb2
