1721 2974
195 235 212 269 1
223 233 273 271 62
632 225 905 282 Supphmenla
934 227 1198 267 annotationis

309 342 345 392 §.
379 347 417 382 2.
480 358 555 382 non
586 353 619 380 ct
654 341 761 381 hacc.
832 349 865 377 et
900 340 1029 379 omitt.
1064 336 1200 379 Guelf.
1318 342 1406 394 ipsa
1433 340 1581 396 dispos.

195 409 270 449 illa.
299 408 336 449 ἅ.
368 408 504 449 Tul-ic.
622 419 656 447 ct
687 407 865 447 elocutio.
925 417 961 444 ct
991 408 1120 446 omitt.
1153 406 1260 446 Flor.
1301 406 1457 458 (Turio.
1488 409 1643 463 siletur)

194 476 317 517 Amb.
342 481 377 516 1.
403 482 439 517 2.
473 475 596 517 Goth.
623 475 733 515 Jens.
766 483 807 514 et
821 482 986 527 posterr.
1019 483 1111 514 ante
1132 471 1378 528 Gry-phium,
1408 490 1494 515 exc.
1528 475 1642 517 Sich.

192 543 370 596 Recepta
403 553 460 584 est
487 546 529 582 in
560 542 694 583 Guelf-

303 612 340 662 §.
374 615 412 650 3.
471 612 672 650 orationis.
734 611 858 650 omnis
887 608 1007 651 Tarv.
1038 608 1139 651 Ald.
1248 609 1357 662 Quae
1385 625 1551 664 namque
1574 620 1642 651 est.

252 678 360 729 Quae
395 688 449 716 est
489 676 687 731 Ambxz.
730 675 821 717 Par.
858 683 896 717 2.
935 681 972 718 5.
1016 677 1157 731 Camp.
1223 676 1271 728 Q.
1305 688 1361 715 cst
1396 679 1496 716 enim
1531 677 1641 718 Flor.

191 745 313 785 Amb.
337 751 371 785 1.
400 745 488 785 Par.
508 749 544 784 1.
662 744 766 798 quod
794 755 862 783 est.
921 745 1018 799 quid
1045 756 1101 784 cst
1132 744 1267 784 Turic-
1297 743 1421 796 Flor.,
1443 760 1467 784 a
1486 760 1564 785 sec.
1584 760 1640 784 m.

191 823 372 867 uterque.
486 813 702 865 proprium.
759 814 943 866 primun(
968 815 1092 853 etiam
1122 811 1228 853 Flor.
1265 827 1288 851 a
1313 828 1372 866 pr.
1400 828 1456 852 m.
1497 811 1639 866 Camp.

302 895 401 933 spec.
433 895 511 916 csse
535 880 692 933 probat.
754 896 834 919 esse
857 896 959 935 spec.
982 883 1124 936 partit.
1159 878 1299 933 Caan.
1399 896 1499 935 quac
1523 882 1586 921 sit.

190 964 284 1002 quae
312 957 367 985 est
396 944 522 986 Amb.
551 951 587 986 1.
620 962 642 985 a
666 961 744 987 sec.
770 962 826 987 m.

299 1016 331 1067 ᾗ.
365 1014 404 1053 4.
466 1024 522 1053 cst
550 1031 696 1055 earum.
770 1013 972 1055 Ordinem
1010 1017 1215 1055 invertunt
1252 1015 1362 1056 Jens.
1401 1024 1441 1054 et
1473 1023 1637 1068 posterr.

192 1090 284 1121 ante
326 1080 481 1130 Stoer.,
526 1081 615 1121 cod.
645 1084 795 1122 nullus.
913 1098 967 1122 ex·
1001 1084 1148 1137 quibus.
1209 1100 1228 1122 c
1261 1083 1366 1137 quib.
1402 1080 1525 1122 Goth.

188 1148 400 1203 egreditur.
460 1148 676 1202 egredietur
706 1152 828 1188 etiam
855 1149 963 1190 Flor.

299 1218 335 1269 §.
368 1220 407 1257 5.
468 1233 537 1256 nec
565 1218 628 1256 iis.
687 1233 806 1271 neque
835 1220 884 1256 iis
913 1217 1021 1258 Flor.
1084 1232 1153 1255 nec
1184 1215 1245 1254 his
1273 1214 1400 1256 Amb.
1425 1221 1462 1257 1.
1525 1234 1641 1272 neque

187 1286 247 1324 his
279 1284 418 1337 Camp.
456 1283 568 1325 Sich.
603 1276 839 1338 ⁶[Conferri
871 1288 1034 1337 jubebat
1067 1283 1278 1337 Spalding.
1324 1283 1557 1336 Bentlejlun
1589 1285 1641 1324 ad

184 1353 326 1394 Horat.
360 1351 493 1393 Carm.
522 1350 598 1403 III⁷
624 1358 688 1401 11,
712 1352 804 1404 43]
922 1352 1111 1392 destruat.
1171 1352 1340 1391 distruat
1373 1351 1480 1392 Flor.
1516 1355 1638 1393 Amb.
1694 1371 1697 1373 ·

186 1426 226 1462 2.
341 1430 474 1460 novat.
535 1430 643 1460 nocet
672 1419 809 1460 Turio.
833 1435 855 1459 a
876 1436 954 1460 sec.
978 1436 1034 1460 m.
1068 1419 1209 1473 Camp.
1323 1423 1542 1475 propositio
1560 1430 1640 1473 'ge-

182 1503 267 1528 nuS.
325 1503 435 1542 prop.
464 1498 519 1526 est
547 1504 634 1540 gen.
669 1487 791 1527 Tarv.
822 1485 917 1527 Ald.
975 1504 1088 1542 prop.
1122 1490 1157 1526 ei
1181 1504 1303 1540 genus
1332 1486 1460 1528 Amb.
1487 1493 1524 1528 1.

185 1554 261 1595 illa
295 1571 458 1609 semper.
517 1552 578 1594 Ita
611 1558 733 1594 etiam
768 1554 877 1596 Flor.
897 1554 1035 1596 Amb.
1064 1561 1105 1598 2.
1148 1554 1291 1609 Camp.
1323 1558 1416 1596 fort.
1447 1553 1574 1596 Amb.
1599 1561 1637 1596 1.

297 1632 334 1660 et
364 1622 520 1676 ubique.
580 1634 615 1661 et
642 1626 772 1663 omitt.
805 1622 947 1676 Camp.

294 1691 329 1742 §.
365 1694 401 1728 6.
463 1689 567 1744 quod
598 1692 648 1729 sit
674 1707 807 1743 genus.
865 1690 960 1744 quid
995 1707 1027 1731 s.
1058 1707 1099 1744 g.
1145 1693 1268 1730 etiam
1300 1693 1408 1731 Flor.
1537 1707 1637 1745 quae

176 1759 331 1812 prosint
356 1780 414 1789 —-
441 1773 540 1811 quac
576 1768 752 1797 noceant.
828 1758 923 1812 quid
961 1761 1089 1813 prosit
1118 1782 1176 1789 --
1204 1757 1300 1812 quid
1335 1768 1471 1797 noceat
1515 1760 1639 1798 etiam

179 1824 283 1865 Bad.
321 1823 474 1865 Cervio.
514 1824 646 1865 Colin.
683 1824 838 1879 Gryph.
882 1841 934 1866 ex
973 1825 1086 1865 Vall.
1124 1825 1214 1879 (ref.
1249 1824 1396 1880 Bad.)‚
1437 1828 1509 1864 etsi
1536 1825 1638 1871 Pot-

178 1895 316 1932 tierius
348 1907 400 1932 ex
429 1907 476 1930 eo
505 1894 621 1932 affert
652 1893 757 1947 quocl
784 1911 846 1948 pr.
878 1918 933 1923 —-
963 1893 1068 1947 quocl
1098 1909 1183 1933 noc.
1300 1909 1349 1932 ac
1382 1892 1580 1948 refellenti.
1608 1928 1612 1933 ,

178 1971 295 2013 atque
332 1958 406 2016 ref
453 1957 576 2018 Goth.
615 1959 804 1999 Je115.-et
841 1968 1005 2013 posterr.
1052 1969 1159 1999 ante.
1185 1958 1365 2013 Gryph.,
1405 1974 1493 1999 exc.
1518 1958 1648 2015 -Ald·‘·.

178 2026 290 2068 Sich.
409 2025 572 2081 refell.?
612 2037 705 2065 tum.
753 2024 862 2064 Jens.
903 2035 942 2063 et
983 2036 1148 2077 posterr.
1194 2034 1286 2064 ante
1319 2023 1420 2065 AJd.
1457 2028 1638 2067 inserunt

178 2097 253 2145 sit‚·
283 2092 384 2134 AJd.
418 2096 568 2133 omittit
597 2096 721 2132 etiam
751 2093 815 2144 id,
849 2092 959 2146 quod
988 2092 1205 2145 praecedit.
1303 2102 1402 2142 tum,
1437 2092 1578 2145 Quom.

239 2172 350 2212 tunc,
382 2177 419 2215 q.
449 2159 577 2201 Amb.
612 2165 650 2201 1.

287 2231 324 2281 ξ.
357 2234 396 2269 7.
453 2230 718 2282 praeparatio.
772 2227 955 2281 probatio
985 2225 1123 2265 Turio.
1146 2241 1168 2265 a
1188 2241 1265 2266 sec.
1286 2241 1341 2266 m.
1375 2224 1514 2280 Camp.

175 2299 408 2335 constiterit.
467 2295 529 2335 Ita
557 2295 648 2336 Par.
679 2302 718 2336 2.
762 2293 928 2348 (Vall.)
959 2308 982 2332 a
1010 2309 1087 2333 sec.
1120 2308 1174 2332 m.
1243 2295 1482 2333 constituerit
1519 2294 1627 2336 Flor.

175 2362 301 2403 Aan.
334 2368 370 2403 1.
406 2370 443 2404 2.
485 2363 577 2403 Par.
617 2367 654 2403 1.
689 2367 730 2402 3.
762 2363 801 2400 4.
847 2361 987 2414 Camp.
1105 2361 1241 2414 Neque
1267 2363 1379 2401 enim.
1440 2362 1526 2401 Nec
1569 2381 1626 2404 en.

175 2428 298 2470 Goth.
332 2446 425 2469 cum
444 2432 554 2471 Jens.
578 2439 617 2470 et
636 2439 800 2483 posterr.
825 2438 917 2468 ante
940 2429 1111 2482 Gryph„
1144 2445 1230 2468 exc.
1256 2427 1368 2468 Sich.
1466 2433 1571 2471 totis.

174 2500 288 2535 totius
331 2497 471 2551 Camp.
535 2496 681 2551 [Quod
715 2498 756 2536 h.
784 2499 813 2537 l.
846 2499 980 2549 lapsae
1021 2498 1230 2535 latinitatis
1282 2511 1393 2535 more
1431 2500 1522 2535 totis
1555 2513 1626 2551 pro

172 2564 342 2602 omnihus
382 2569 557 2618 positum
597 2574 678 2615 est,
717 2564 927 2617 Spalding.
975 2562 1227 2616 Appulejum
1262 2565 1332 2601 lib.
1377 2562 1420 2602 V
1457 2580 1498 2618 p.
1543 2567 1623 2606 342

173 2627 363 2670 Oudend.
402 2637 478 2672 103
512 2631 601 2684 Bip.
639 2633 841 2681 laudavit,
882 2634 952 2670 ubi
994 2633 1086 2670 totis
1121 2630 1343 2668 muneribus
1384 2631 1622 2671 absconditis

173 2698 352 2748 legitur]
465 2715 679 2751 possumus.
738 2701 931 2752 possimus
959 2696 1056 2738 Loc.
1087 2697 1195 2736 Veu.
1228 2696 1329 2738 Bad.
1364 2696 1517 2740 Cervic.

199 2861 216 2888 ἵ
