1721 2974
200 154 279 191 386
641 144 915 202 Supplemcnia
942 144 1207 185 annotationis

315 260 353 311 §.
386 263 453 301 37.
513 258 593 299 alio
623 260 663 297 in
692 256 817 297 αἶίιιιῖ.
866 255 993 297 Amb.
1023 262 1062 297 1.
1094 256 1176 297 αΖίο
1207 267 1322 313 tropo
1352 259 1393 297 in
1420 255 1562 307 alium,
1607 265 1646 296 et

200 336 333 382 postea
374 338 508 381 tropus
538 329 660 366 abest.
787 335 821 362 el
858 327 1037 364 mamime
1073 327 1322 380 improprius.
1375 323 1502 365 Amb.
1536 329 1576 364 1.
1614 335 1649 363 ct

201 395 520 450 improbissimus.
634 394 700 446 qni
732 390 966 431 Centaurum
999 391 1183 433 Chirona.
1229 391 1355 432 Aan.
1381 397 1420 432 1.
1449 395 1531 432 sic:
1571 408 1647 446 qua

200 466 457 504 scic-maurum
475 463 544 515 qui
565 460 692 498 hir-ori
711 471 764 497 cst
786 459 963 499 boccona
990 460 1158 499 insulam
1186 471 1352 512 εΜψιασ
1375 459 1511 510 Θοαο,
1547 473 1651 513 quae

201 533 408 584 insigniter
439 536 622 580 corrupta
665 529 720 566 sic
751 529 833 566 fere
865 529 1118 567 emendanda
1144 537 1268 581 puto:
1309 530 1376 582 qui
1416 526 1650 567 Centaurum.

198 599 413 638 viriliorcm
447 607 481 634 c!
513 594 696 634 Ithacam
722 594 891 633 insulam
915 592 1067 648 νήσους
1094 594 1205 643 θοὰς
1235 595 1384 635 dicunt.
1441 594 1652 635 Plutarchi

198 669 310 707 locus
332 666 380 704 de
394 667 475 704 vita
493 672 531 703 et
542 666 652 716 po’e'si
665 663 834 702 Homeri
854 664 888 714 ξ.
903 668 970 703 21.
989 673 1028 703 et
1046 666 1273 703 universam
1284 665 1512 716 metalepsis
1529 665 1654 701 ratio-

197 749 294 773 nem
320 742 358 772 et
379 717 507 771 unum
529 739 632 770 certe
654 733 734 781 ejus
756 734 993 783 exemplum
1011 734 1154 770 melius
1177 746 1299 785 quam
1318 733 1402 784 ipse
1427 729 1653 782 Quintilia-

198 817 274 841 nus
296 802 493 853 explicat,
534 813 669 853 quem,
690 813 742 836 ne
761 801 975 838 lectoribus
994 801 1038 837 in
1059 814 1172 838 mora
1192 802 1289 849 sim,
1317 799 1384 838 hic
1407 799 1648 838 describam:

188 868 357 922 τΈτερος
385 864 537 921 τρόπος
556 865 664 905 ἐστὶν
692 860 717 918 ἦ
750 864 978 919 καλουμένη
1011 863 1283 918 ΙΙἸετάληψις,
1331 864 1464 906 κατὰ
1494 878 1655 906 συνω-

198 930 390 987 νυμίαν
419 932 677 986 σημαίνουσα
708 936 877 989 πρᾶγμα
914 931 1198 989 διάφορον·
1249 929 1336 974 οἷον
1375 932 1554 989 (Odyss.
1585 936 1653 974 15..

197 1002 308 1057 299)
539 997 545 1001 “

413 1066 566 1109 ’Ένθεν
593 1065 637 1109 δ’
668 1062 722 1109 αὗ
751 1066 936 1122 νήσοισιν
962 1068 1200 1124 ἐπιπροέηκε
1227 1068 1375 1124 θοῇσι·

197 1136 390 1192 βούλεται
429 1135 508 1191 γὰρ
549 1139 728 1190 σημῆναι
765 1135 841 1184 τὰς
878 1138 1028 1193 κυρίως
1065 1136 1197 1186 ὀξείας
1235 1135 1451 1191 λεγομένας
1478 1133 1653 1189 νήσους·

199 1206 285 1247 ἐπεὶ
315 1210 546 1257 συνωνυμεῖ
568 1203 614 1245 τὸ
643 1202 752 1246 θοὸν
779 1208 839 1261 τῷ
869 1202 956 1254 ὀξεῖ’
978 1222 1016 1246 κ.
1035 1221 1073 1246 τ.
1096 1208 1131 1247 λ.
1186 1204 1248 1244 Eo
1277 1220 1394 1245 versu
1415 1207 1516 1260 quin
1535 1209 1655 1257 po'eta

199 1276 328 1327 ipsam
347 1271 530 1327 κραναὴν
552 1270 726 1326 Ἰθάκην
752 1276 907 1314 vocarit
937 1272 1090 1327 νήσους
1115 1270 1249 1325 θοὰς,
1290 1275 1374 1313 sive
1403 1270 1535 1321 ὀξείας
1560 1287 1656 1324 pro-

199 1344 309 1394 prie,
364 1343 425 1380 uti
461 1348 612 1380 veteres
651 1342 888 1395 interpretes
924 1344 1199 1395 explicarunt,
1249 1341 1418 1380 dubium
1456 1354 1542 1379 non
1582 1347 1653 1379 est.

200 1408 359 1450 Eadem
384 1410 540 1448 ratione
568 1410 602 1448 si
630 1410 799 1448 alteram
826 1424 989 1464 quoque
1017 1411 1098 1448 loci
1124 1417 1282 1462 partem
1308 1417 1414 1447 recte
1443 1407 1658 1447 emendavi

205 1474 440 1516 Centaurum
479 1479 732 1529 appellarunt
770 1478 915 1516 comici
952 1475 1098 1517 Graeci
1134 1476 1345 1515 hominem
1379 1476 1656 1526 libidinosum,

201 1546 298 1597 peni
319 1543 500 1583 deditum
514 1573 526 1593 ,
565 1552 726 1597 propter
741 1538 1029 1598 synorlyiniain
1047 1542 1343 1584 Centaurorum
1363 1545 1538 1583 nominis
1555 1557 1658 1595 gen-

199 1613 282 1651 tilis
303 1619 342 1650 et
364 1625 506 1650 eorum
533 1614 603 1664 qui
629 1613 783 1664 ταῦρον
813 1614 1034 1652 κεντοῦσιν.
1090 1611 1317 1665 Hesycths
1347 1610 1577 1666 Κένταυροι
1601 1635 1659 1642 -—

202 1677 270 1720 καὶ
293 1675 332 1718 οἱ
353 1677 642 1731 παιδερασταί·
681 1675 761 1718 ἀπὸ
784 1681 860 1718 τοῦ
880 1677 1021 1734 ὄῤῥου.
1084 1678 1147 1719 Cf.
1173 1680 1225 1718 ad
1245 1693 1340 1717 eum
1365 1681 1503 1717 locum
1526 1681 1658 1718 inter-

203 1754 357 1800 pretes,
405 1747 504 1784 item
529 1760 562 1785 s.
592 1760 631 1786 v.
663 1747 830 1800 ταῦρος.
876 1745 1019 1801 Neque
1048 1749 1159 1785 enim
1183 1749 1315 1799 placet
1344 1745 1492 1784 diutius
1520 1747 1566 1783 in
1593 1745 1657 1784 his

203 1815 402 1867 spurcitiis
423 1815 583 1853 versari.
697 1811 891 1853 Laelium.
931 1812 1056 1854 Amb.
1078 1819 1117 1854 1.·
1149 1813 1312 1862 aelium,
1339 1813 1409 1852 sed
1426 1810 1659 1865 μετάληψις

204 1883 249 1919 in
269 1881 435 1919 nomine
453 1878 614 1918 Laelius
634 1881 690 1920 sic
707 1881 866 1921 videtur
888 1897 1003 1935 posse
1021 1882 1207 1932 defendi,
1244 1889 1292 1920 nt
1301 1909 1315 1928 ,
1347 1895 1440 1919 cum
1461 1881 1542 1931 ejus
1561 1895 1660 1933 per-

206 1956 376 2002 petuum
402 1962 629 2001 cognomen
655 1946 826 2001 Sapiens
860 1951 1006 2001 fuerit,
1052 1958 1214 2002 propter
1240 1950 1525 2002 synonymiam
1550 1947 1660 1988 docti

206 2024 247 2055 et
274 2016 463 2069 sapientis
490 2017 575 2069 ipse
604 2018 728 2055 etiam
755 2017 865 2056 nude
901 2016 1039 2057 doctus
1060 2019 1296 2071 appelletur.

320 2082 361 2134 §.
392 2087 461 2124 38.
519 2100 612 2123 nam
629 2085 723 2137 ejuS.
760 2083 885 2126 Amb.
908 2089 946 2126 1.
964 2086 1124 2125 videtur
1143 2093 1182 2124 et
1198 2086 1281 2136 ipse
1296 2086 1551 2137 interponere
1571 2082 1629 2124 id.

322 2151 359 2202 ᾗ.
386 2155 454 2191 39.
479 2150 582 2190 nihil
599 2154 865 2193 enim—nisi.
894 2151 1020 2193 Aan.
1037 2157 1074 2193 1.
1095 2154 1137 2192 in
1158 2151 1419 2191 nisi—nihil.
1505 2151 1657 2192 mediis.

207 2214 337 2257 Amb.
366 2221 404 2257 1.
427 2218 636 2260 comoedis.
693 2219 806 2260 Haec
824 2222 1041 2273 scripturae
1061 2223 1231 2261 varietas
1251 2234 1337 2259 non
1364 2227 1477 2258 tanta
1503 2228 1582 2269 est,
1611 2227 1658 2258 ut

209 2286 291 2335 ejus
332 2299 406 2338 ope
442 2288 580 2325 locum
613 2290 774 2340 penitus
815 2297 1047 2342 corruptum
1074 2303 1214 2328 sanare
1251 2295 1291 2327 te
1323 2301 1436 2340 posse
1465 2287 1655 2327 confidas.

207 2349 292 2392 Nec
322 2353 428 2392 mihi
455 2357 622 2407 contigit
654 2364 700 2395 ut
726 2357 952 2395 remedium
974 2359 1224 2406 invenirem,
1262 2355 1335 2394 sed
1361 2356 1542 2393 inveniet
1570 2356 1657 2393 for-

208 2427 311 2458 tasse
350 2423 383 2459 si
411 2424 497 2474 quis
534 2424 620 2472 joca
649 2431 831 2463 veterum
861 2427 1105 2464 comicorum
1132 2421 1374 2463 Latinorum
1400 2423 1445 2460 in
1470 2430 1660 2475 promptu

208 2486 346 2528 habet.
405 2486 523 2539 Quae
550 2490 683 2530 adhuc
713 2493 761 2530 ab
788 2493 1003 2532 editoribus
1036 2493 1295 2544 grammatica
1315 2489 1514 2544 quaedam
1530 2491 1659 2528 inter-

209 2557 377 2605 pretatio
396 2564 548 2597 tentata
569 2567 649 2608 est,
682 2573 728 2598 ea
744 2575 884 2600 vereor
901 2575 953 2598 ne
971 2574 1129 2613 prorsus
1148 2561 1278 2598 aliena
1295 2556 1360 2597 sit.
1407 2553 1661 2609 Μετὰληψις

210 2623 343 2672 potius
369 2624 414 2662 in
440 2626 562 2665 verbo
591 2625 682 2667 dica
711 2628 871 2668 videtur
896 2630 1047 2678 inesse,
1086 2629 1196 2680 cujus
1216 2624 1510 2669 Accusativmn
1528 2623 1659 2665 dicam
