1695 2974
122 125 146 160 8
552 119 826 176 Supplcmenta
870 124 1132 162 annotationis

123 236 162 282 1,
194 231 246 270 43
276 239 313 272 et
343 231 400 284 V,
433 238 500 285 10,
531 238 597 275 91.
714 237 945 290 reperiretur
986 236 1083 278 Bud.
1110 235 1261 278 Vidov.
1298 237 1376 292 (ex
1406 242 1563 280 emend.

121 296 285 352 Regii).

236 369 266 420 ξ.
300 371 367 408 26.
425 369 577 423 scripta
603 371 681 407 sint
709 368 863 409 Almel.
896 368 1003 410 Flor.
1033 369 1160 412 Amb.
1188 378 1223 412 1.
1325 390 1442 428 quam
1468 392 1566 430 quae

121 433 168 473 de
197 451 383 488 agrorum
415 434 532 475 Voss.
565 442 605 477 2.

233 505 263 556 ξ.
295 508 361 543 27.
422 504 593 556 ingenita
624 503 814 558 quaedam
841 503 1074 557 adjumenta.
1134 506 1203 547 Sic
1235 505 1390 563 Gryph.
1421 508 1562 551 Burm.

122 567 242 610 Gesn.
276 573 448 624 ingenita
479 574 614 625 cuique
644 571 866 625 adjumenta
902 571 1011 627 Jens.
1043 572 1162 614 Tarv.
1193 573 1291 616 Loc.
1321 577 1429 619 Ven.
1462 578 1564 620 Bad.

119 636 271 678 Vidov.
295 637 425 679 Colin.
457 638 567 679 Sieh.
591 639 623 679 F
626 642 698 679 lor.
725 638 850 679 Amb.
875 645 912 680 1.
945 643 1123 694 ingenita
1143 643 1296 696 quidem
1316 645 1396 699 adj.
1427 645 1566 700 Margo

121 703 258 756 Sich.,
301 704 431 746 Stoer.
462 704 573 747 Gibs.
605 705 706 747 Obr.
739 704 873 748 Guelf.
923 709 1095 761 ingentia
1114 710 1268 764 quidem
1289 712 1369 765 adj.
1395 712 1566 755 Chouet.

119 774 293 825 ingenita
331 774 485 828 quidem
524 791 622 828 quae
660 773 848 828 adjuvant
857 806 869 824 ,
919 791 1005 816 vox
1055 776 1196 831 Camp.
1244 777 1366 821 Goth.
1409 779 1565 834 Bodlej.

121 843 204 893 ing,
245 842 435 897 quaedam
475 858 572 896 quae
614 841 800 894 adjuvant
836 842 969 884 Andr.
1000 842 1101 885 Ald.
1161 848 1288 899 ingen.
1321 851 1424 903 cuiq.
1455 849 1570 903 adju-

120 921 250 948 menta
286 926 383 964 quac
413 909 600 963 adjuvant
640 908 751 950 Sich.
796 910 932 952 Turio.
964 915 1044 952 ita:
1077 913 1294 966 ingen....
1328 913 1444 970 (tum
1461 931 1569 956 non-

121 980 261 1016 nullae
289 980 444 1016 litterae
476 986 572 1017 sunt
601 976 762 1033 erasae)
794 981 935 1033 quique
964 979 1107 1033 (supra
1127 980 1281 1034 quidem
1299 981 1424 1038 quae)
1453 983 1569 1038 adju-

119 1055 273 1083 vantem
312 1060 411 1085 vox.
535 1047 636 1084 sicut
674 1045 770 1085 haec
816 1045 926 1101 (om.
965 1047 1025 1101 et)
1068 1046 1195 1090 Amb.
1234 1054 1270 1088 1.
1392 1063 1568 1106 prosunt.

116 1122 279 1165 possunt
308 1112 434 1152 Goth.
469 1109 572 1166 (tac.
603 1110 759 1168 Gesn.)

236 1178 458 1233 [Ceterum
502 1182 784 1229 constantiam,
837 1181 887 1220 de
926 1197 1007 1239 qua
1045 1196 1143 1222 voce
1179 1185 1302 1236 ipsius
1347 1186 1572 1240 Spaldingii

120 1249 288 1288 fluctuat
326 1249 544 1300 judicium,
593 1257 699 1287 recte
739 1249 898 1289 videtur
931 1250 1154 1289 defendisse
1185 1253 1351 1306 Sar-pius
1379 1252 1568 1294 Analeut.

122 1329 210 1368 pag.
245 1320 297 1356 12
327 1330 387 1370 sq.
447 1313 565 1355 Locis
596 1318 706 1354 enim
733 1317 906 1356 laudatis
935 1316 1084 1356 Justini
1111 1314 1143 1369 Ι,
1176 1322 1214 1368 5,
1258 1322 1414 1359 Valerii
1433 1320 1571 1361 Maxi-

124 1385 184 1421 mi
211 1380 282 1434 ΠῙ,
318 1388 356 1435 1,
387 1388 428 1434 2,
470 1385 654 1422 Suetonii
691 1386 735 1423 in
769 1382 929 1424 Nerone
959 1389 986 1424 7
1019 1385 1134 1425 docet
1160 1402 1240 1425 esse
1270 1388 1383 1426 fflam
1410 1391 1572 1441 ingeni-

122 1459 209 1490 tam
248 1455 360 1506 quasi
397 1453 699 1503 fortitudinem,
748 1465 871 1505 quam
913 1461 1105 1492 nostrates
1138 1454 1274 1493 dicant
1303 1454 1571 1509 Dreistigkeit‚

122 1532 227 1573 quae
265 1523 338 1559 etsi
379 1536 465 1561 11011
503 1522 674 1574 corporis
705 1519 872 1574 quidem
900 1521 1025 1558 virtus
1057 1529 1137 1572 est,
1185 1535 1206 1560 a
1235 1531 1403 1562 naturae
1435 1533 1572 1564 tamen

124 1590 408 1627 constitutione
437 1589 599 1642 pendet.
659 1586 762 1627 Eam
797 1589 902 1625 inter
927 1589 1107 1647 ingenita
1147 1591 1275 1639 bona,
1323 1605 1426 1645 quae
1457 1602 1573 1633 ante-

122 1656 263 1695 cedere
296 1657 468 1697 debeant
498 1665 646 1705 artem,
691 1653 866 1707 Quintil.
896 1645 1084 1696 numerat
1112 1658 1180 1696 lib.
1211 1655 1313 1709 XII,
1345 1661 1384 1710 5,
1414 1658 1478 1711 2.]

726 1768 758 1810 C
789 1783 818 1808 A
847 1783 886 1809 1³.
944 1766 977 1809 I.

240 1863 272 1915 ᾗ.
307 1866 344 1900 1.
405 1862 505 1899 enim
532 1857 710 1914 querela,
752 1873 831 1897 om.
863 1867 918 1896 est
957 1856 1079 1898 Goth.
1113 1857 1255 1913 Camp.

241 1931 274 1982 ξ.
307 1934 346 1970 2.
408 1927 579 1968 homines
616 1928 739 1967 etiam
779 1922 891 1965 Sioh.
995 1925 1154 1982 fuerit
1170 1938 1450 1980 argumentum.
1512 1927 1574 1970 lta

127 1997 270 2036 diserte
301 1998 439 2037 Turio.
462 1994 636 2051 fuerint.
664 2007 735 2047 arO
721 2010 821 2033 Qum
852 1992 992 2047 Camp.
1019 1993 1143 2034 Paris
1171 1998 1209 2034 1.
1243 2003 1282 2033 et
1311 1993 1411 2035 Tur.
1444 2011 1479 2036 a.
1515 2013 1570 2038 m.

126 2079 203 2104 sec.
249 2063 434 2120 fuermunt
466 2079 617 2115 arUgum
649 2061 758 2102 Jens.
789 2069 828 2101 et
857 2061 947 2101 edd.
970 2070 1135 2115 posterr.
1165 2077 1292 2116 usque
1314 2063 1365 2102 ad
1388 2061 1569 2118 Gryph.3

129 2146 211 2172 acc.
241 2135 330 2172 Par.
354 2137 392 2172 2.
425 2139 465 2169 et
483 2128 609 2169 Amb.
637 2135 674 2169 1.
778 2130 990 2183 [monstris
1019 2131 1189 2182 insignia
1218 2132 1317 2169 olim
1340 2128 1571 2184 Francium‚

125 2214 256 2253 nuper
295 2197 484 2252 Sarpium
515 2196 641 2237 Anal.
672 2208 713 2250 p.
740 2199 806 2238 14.
839 2198 1029 2238 offendit:
1074 2200 1144 2236 ille
1187 2207 1362 2236 monstra
1389 2200 1573 2252 insignia,

126 2267 194 2306 hic
223 2277 485 2306 monstrorum
513 2266 684 2318 insignia
710 2268 876 2315 maluit,
926 2265 1035 2321 quod
1065 2266 1218 2305 dictum
1245 2267 1297 2305 sit
1323 2267 1427 2306 sicut
1453 2263 1486 2316 I,
1507 2271 1572 2318 12,

130 2334 182 2373 16
208 2333 474 2388 pulcherrima
511 2347 660 2382 rerum,
714 2334 763 2373 de
790 2347 872 2389 quo
903 2334 1064 2373 dicendi
1090 2347 1236 2387 genere
1267 2334 1320 2374 cf.
1347 2331 1572 2376 Ruhnken.

131 2401 183 2440 ad
210 2400 418 2452 Veuejum
445 2415 486 2454 p.
519 2405 616 2442 337.
672 2399 756 2442 Sed
786 2403 980 2456 quoniam
1008 2404 1101 2441 libri
1127 2401 1234 2440 nihil
1260 2409 1434 2452 mutant,
1462 2417 1576 2442 mon-

129 2478 216 2508 stra
251 2469 512 2521 intelligenda
550 2477 644 2509 sunt
680 2483 764 2509 non
797 2477 883 2509 tota
919 2483 1104 2523 corpora,
1151 2468 1222 2509 sed
1257 2471 1439 2509 membra
1468 2484 1572 2524 quae

131 2534 287 2591 aliquis]
324 2538 559 2576 inusitatum
591 2552 637 2577 ac
673 2546 944 2578 monstrosum
970 2535 1167 2589 habent]
1255 2535 1347 2576 dum
1373 2538 1571 2577 emoritur.

129 2600 192 2644 Ita
222 2601 343 2644 Gesn.
375 2602 522 2655 edidit,
552 2603 658 2645 nihil
685 2608 840 2647 monito
866 2608 1038 2658 lectore3
1087 2614 1180 2646 ante
1209 2619 1303 2645 eum
1331 2618 1468 2646 omnes
1488 2618 1574 2644 cum
