1721 2974
68 191 147 228 166
413 225 417 228 ,
515 187 783 242 Supplemcnta
817 186 1080 225 annotationis

184 302 220 354 §.
252 305 316 341 13.
377 303 641 340 consumserit.
702 309 1017 353 consumpserunt
1048 297 1191 352 Camp.
1296 315 1343 338 ne
1365 303 1523 343 concio-

73 379 194 410 nclnr.
252 385 321 407 nec
353 371 521 408 contion.
560 367 672 406 Alm.
800 383 868 405 nec
899 369 1115 406 con1ine1ur
1150 366 1257 406 Flor.
1300 384 1370 407 nec
1398 371 1525 409 conti-

76 447 210 475 mvnnr
251 435 390 476 Turio.
432 434 574 488 Camp.
633 450 677 472 ne
717 435 934 473 continetur
974 433 1102 474 Amb.
1137 440 1175 474 2.
1213 449 1307 474 cum
1335 434 1454 476 Voss,
1487 441 1527 476 3.

74 503 225 555 Bern.‚
266 504 374 543 m1de
403 506 495 542 satis
525 509 710 554 apparet,
748 503 984 554 scripturam
1020 504 1128 542 vocis
1169 518 1241 556 per
1280 513 1297 541 t
1330 505 1529 555 litteram,

76 586 179 626 quae
214 572 356 611 eadem
387 578 444 609 est
473 572 516 607 in
549 570 727 608 contione
759 570 866 621 apud
894 568 1032 610 Turio.
1062 572 1258 623 originem
1288 570 1533 624 depravandi

78 639 244 678 dedisse.
367 637 438 676 An
470 638 538 690 qui
565 638 636 676 sic.
696 635 766 676 An
797 639 865 690 qui
895 639 946 676 sit
982 636 1109 677 Amb.
1143 642 1210 691 1.;
1259 635 1403 692 Camp-
1439 636 1534 679 cum

77 707 335 761 sequentibus
363 706 420 743 ita
446 706 677 757 conjungit:
711 694 763 742 an
788 705 840 742 sit
871 707 939 758 qui
966 704 1075 744 velit:

193 775 230 825 §.
265 773 331 812 14.
396 768 443 808 V
440 770 477 809 el
487 803 497 822 ‚
525 781 578 812 ut.
634 780 676 810 ut
706 774 836 812 omitt,
868 775 989 812 etiam
1018 771 1126 812 Flor.
1163 770 1290 812 Amb.
1313 777 1351 814 1.
1373 778 1414 814 2.
1444 771 1536 813 Par.

80 847 118 882 2.
151 847 190 882 5.
306 839 475 879 Ammoi.
532 836 595 879 Ita
622 838 714 878 Par.
747 843 784 880 1.
809 845 848 880 2.
878 840 919 879 4.
977 839 1144 879 Amntii
1186 838 1328 893 Camp.
1384 843 1540 880 arr-unii

82 911 204 949 etiam
238 906 345 947 Flor.
387 905 514 947 Amb.
556 912 592 947 1.
621 912 663 947 2.
791 905 834 947 C.
866 906 1045 947 Lusium.
1112 906 1368 947 Praenomen
1405 912 1536 950 omitt.

81 979 206 1015 nostri
237 990 388 1015 omnes.
449 973 590 1029 lysiam
621 972 744 1015 Amb.
777 979 837 1025 1.,
879 978 999 1015 ceteri
1032 974 1184 1016 lusiam.
1300 975 1540 1033 inferentem.

142 1041 323 1101 rfferent.
358 1041 499 1095 Camp.
616 1042 891 1082 indemnatum.
948 1041 1049 1081 idem
1083 1045 1230 1082 iratum
1259 1042 1394 1086 Guelf.

197 1111 234 1161 §.
268 1114 336 1151 15.
397 1109 564 1149 insidias
582 1109 745 1167 fecerit.
802 1109 955 1149 Miloni
982 1113 1122 1150 inserit
1153 1110 1296 1165 Camp.
1342 1158 1347 1161 ³

196 1181 233 1231 §.
266 1182 333 1218 16.
394 1181 685 1217 consumserint.
744 1188 1034 1218 consumserunt
1066 1181 1188 1218 etialn
1218 1179 1252 1220 P
1255 1195 1310 1220 ar.
1332 1185 1373 1220 2.
1415 1177 1540 1221 Goth.

195 1246 439 1301 prohibendi.
494 1246 740 1302 prohibenda
768 1244 904 1285 Turio.
935 1244 1060 1298 Flor.,
1093 1261 1116 1286 a
1135 1263 1195 1301 pr.
1217 1263 1274 1288 m.
1303 1257 1485 1304 uterque.

199 1316 236 1367 §.
281 1319 347 1355 17.
419 1315 560 1367 Quid?
596 1333 674 1356 non
712 1318 764 1355 in.
838 1314 887 1365 Q.
927 1329 1019 1354 vero
1063 1317 1104 1354 in
1145 1315 1286 1369 Camp.
1336 1317 1377 1355 in
1413 1319 1544 1358 omitt.

87 1381 194 1423 Flor.
313 1381 492 1439 refertur.
553 1383 750 1442 referatur
777 1386 900 1422 etiam
929 1381 1040 1421 Flor.
1070 1381 1252 1424 Amb.2.
1280 1383 1372 1424 Par.
1394 1389 1482 1425 1.2.
1505 1390 1544 1426 3.

89 1452 128 1492 4.
161 1449 303 1504 Camp.
430 1462 465 1490 et
498 1469 687 1492 recessum
721 1461 791 1492 est.
851 1460 906 1489 est
946 1466 1018 1489 rec.
1049 1461 1086 1488 et
1118 1449 1228 1491 Flor.
1267 1449 1358 1491 Par.
1394 1457 1433 1492 1.
1494 1464 1551 1492 est

92 1535 229 1558 reccss.
260 1529 316 1557 est
372 1517 513 1573 Camp.
574 1531 630 1559 est
658 1535 846 1558 recessum
873 1516 967 1571 (om.
990 1520 1114 1558 altero
1140 1519 1212 1574 est)
1242 1516 1371 1560 Amb.
1389 1525 1429 1560 2.
1490 1537 1553 1560 re·

94 1603 239 1625 cessum
272 1597 327 1625 est
368 1584 479 1641 (om.
521 1587 583 1642 et)
614 1585 736 1628 Amb.
768 1592 806 1627 1.
925 1602 951 1625 a
978 1589 1214 1640 quaestione.
1275 1604 1295 1626 e
1323 1604 1387 1642 qu.
1428 1590 1553 1629 etiam

95 1654 236 1707 Camp.
299 1670 322 1694 α
351 1671 371 1693 e
399 1671 465 1709 qu.
496 1655 604 1696 Flor.
635 1670 658 1694 a
688 1671 748 1708 pr.
778 1670 835 1695 m.
952 1664 1037 1692 erat
1068 1657 1303 1696 constituta.-
1338 1655 1404 1696 hic
1434 1673 1555 1711 quae-

94 1724 182 1761 stio.
242 1733 325 1761 erat
347 1733 383 1761 et
411 1723 476 1763 hic
498 1734 618 1763 const.
643 1741 704 1777 qu.
736 1720 859 1762 Amb.
882 1727 921 1763 1.
981 1733 1066 1761 erat
1095 1723 1160 1763 hic
1186 1734 1222 1762 et
1246 1740 1279 1764 c.
1309 1740 1373 1777 qu.
1411 1722 1553 1779 Camp.

153 1800 237 1829 erat
263 1790 328 1830 hic
356 1801 478 1831 const.
510 1807 573 1845 qu.
602 1789 712 1830 Flor.
745 1788 869 1831 Amb.
894 1796 934 1831 2.
983 1788 1162 1844 Recepta
1192 1800 1250 1831 est
1276 1793 1322 1830 iu
1350 1790 1440 1832 Par.
1463 1797 1502 1833 1.

210 1859 246 1910 §.
281 1863 347 1899 18.
418 1860 536 1897 etiam
578 1857 660 1898 Cic.
731 1869 767 1897 et
809 1858 887 1898 Cic.
930 1857 1068 1898 Turio.
1114 1857 1256 1912 Caan.
1373 1859 1484 1898 Nam
1519 1861 1561 1899 in

97 1923 215 1965 Rhet.
269 1925 379 1964 Nam
410 1936 446 1964 et
477 1929 505 1966 i.
534 1925 615 1966 Rh.
646 1928 785 1966 iidem.
902 1942 1034 1980 supra.
1091 1929 1269 1980 superius
1297 1928 1421 1965 etiam
1449 1926 1559 1967 Flor.

101 1993 244 2047 Camp.
371 1993 634 2046 hermagoran
671 1991 795 2033 Amb.
832 1999 868 2032 1.
994 1996 1287 2032 contentionem.
1347 1996 1564 2034 contionem

101 2061 209 2101 Flor.
243 2059 378 2102 Guelf.
495 2078 572 2116 qua
602 2061 650 2100 de
680 2078 732 2101 re.
792 2059 832 2100 d.
862 2076 900 2114 q.
933 2077 975 2099 rc·
1003 2063 1124 2100 etlam
1155 2058 1285 2100 Colias.

84 2136 91 2141 ’
215 2130 251 2182 §.
287 2134 354 2171 19.
408 2132 620 2179 continens,
649 2128 765 2184 quod.
817 2127 922 2183 quod
942 2138 1044 2168 cont.
1074 2127 1184 2168 Flor.
1301 2144 1328 2168 a
1347 2145 1425 2169 reo.
1476 2128 1563 2169 idco

105 2199 229 2236 etiam
265 2196 373 2237 Flor.
414 2213 437 2237 a
465 2214 524 2251 pr.
545 2214 604 2239 m.
643 2196 768 2238 Amb.
801 2202 839 2236 1.
886 2199 950 2251 (in
983 2196 1062 2236 hoc
1094 2205 1234 2235 tamen
1261 2198 1278 2235 i
1308 2206 1366 2236 est
1395 2212 1472 2236 sec.
1505 2211 1563 2236 m.

106 2280 224 2318 supra
252 2265 433 2317 lituram)
466 2265 608 2320 Camp.
638 2265 792 2306 Tarvis.
894 2280 949 2303 ex
973 2266 1138 2303 rationis
1160 2274 1196 2302 et
1207 2266 1324 2318 firm.
1382 2281 1414 2304 e.
1442 2266 1566 2304 ratio—

108 2333 219 2371 nibus
246 2335 362 2388 firm.
396 2332 536 2387 Camp.
655 2333 830 2381 brevius,
869 2335 948 2387 qui.
1010 2333 1052 2371 hi
1087 2335 1226 2372 inserit
1257 2330 1379 2371 Amb.
1414 2337 1449 2371 1.

109 2398 210 2438 idem
241 2403 372 2442 omitt.
415 2405 537 2441 etiam
572 2401 682 2442 Flor.
723 2399 856 2440 Amb.
890 2406 927 2439 1.
961 2406 1000 2440 2.
1039 2400 1131 2440 Par.
1169 2405 1205 2440 1.
1237 2404 1300 2449 5.;
1339 2403 1383 2438 in
1422 2399 1563 2453 Camp.

113 2468 270 2507 videtur
293 2484 388 2509 esse.
505 2468 722 2510 voluerunt.
778 2468 969 2507 voluerint
999 2471 1120 2507 etiam
1148 2467 1257 2508 Flor.
1288 2466 1415 2507 Amb.
1436 2473 1475 2508 2.

114 2538 251 2586 pos-sit.
306 2549 436 2590 posse!
467 2537 573 2577 'Flor.
633 2535 750 2589 Quae
778 2537 842 2576 ed.
872 2535 993 2576 Tarv.
1029 2536 1106 2575 hoc
1139 2539 1229 2574 loco
1262 2538 1435 2586 omittit,
1466 2537 1567 2576 dua-

118 2603 190 2640 bus
220 2607 372 2656 paginis
399 2615 491 2645 aute
518 2609 667 2646 inserta
688 2607 963 2659 reperiuntur,
997 2619 1089 2644 cum
1117 2606 1266 2655 justum
1292 2607 1410 2643 Ullius
1438 2607 1569 2644 lineae

118 2673 290 2722 spatium
320 2675 527 2726 impleant.
