1721 2974
136 152 213 190 144
586 150 853 205 supplementa
884 155 1143 191 annotationis

133 266 307 303 inde-stati
333 263 450 301 heres.
504 267 572 303 int.
604 264 753 302 heredis
781 262 916 303 Turio.
946 263 1052 304 Flor.
1085 264 1199 306 Alm.
1230 265 1356 307 Amb.
1380 273 1413 306 1.
1449 284 1471 308 a
1491 285 1565 307 see.

130 347 188 372 m.
226 329 359 371 Guelf.
398 330 487 370 Par.
514 336 550 370 1.
581 330 718 384 (lamp.
832 332 1166 385 quac—afficiat.
1225 335 1569 389 qua—qfficiatur

133 398 234 439 Obr.
267 397 431 450 Gamp.,
452 412 535 437 -non
563 399 695 438 ncced.
729 395 856 437 Amb.
881 404 943 448 1.;
976 401 1019 436 in
1043 397 1178 438 Turio.
1202 410 1259 439 est
1281 417 1350 455 quc
1370 416 1393 439 a
1412 416 1472 453 pr.
1494 416 1566 452 m.‚

131 481 249 506 asec.
274 479 328 503 m.
367 479 457 518 qua.
573 481 647 503 non
667 462 721 503 id.
775 463 818 502 'id
839 480 913 504 non.
951 463 1072 504 Golh.
1103 464 1236 506 Guelf.
1271 483 1365 507 cum*
1389 467 1496 507 Jens.
1531 476 1570 506 et

130 542 291 587 posterr.
323 541 414 571 ante
447 530 602 584 Gryph.
693 547 738 569 ne
764 530 884 572 heres.
943 528 1003 571 Ita
1025 536 1145 573 efiam
1182 533 1270 574 Par.
1286 541 1327 575 2.
1376 551 1414 574 n.
1449 534 1488 574 lz.
1519 536 1570 572 sit

131 611 190 641 est
207 604 251 639 111
272 599 358 641 Par.
375 605 410 639 1.
423 604 460 638 3.
491 598 642 649 Camp„
668 606 707 636 et
726 602 868 638 nostris
888 608 932 638 ut
951 600 1108 639 videtur
1128 603 1326 641 omnibus.
1378 601 1569 654 [Quisque

130 684 261 708 corum
287 682 358 720 pro
387 676 538 717 uim-quc
561 680 690 701 corum
722 665 873 704 dictum
903 669 1043 719 probat
1065 666 1321 707 Burmannus
1344 671 1441 708 locis
1470 670 1570 707 alla-

130 738 179 775 tis
211 734 351 775 Ovidii
378 731 503 783 Epist.
526 728 608 781 IX,
642 736 721 773 169
743 741 783 771 et
812 731 997 772 Suetonii
1025 733 1138 786 Aug.
1177 737 1228 774 16
1267 735 1322 775 Ut
1353 733 1500 785 Gajum
1531 743 1570 773 et

131 801 308 842 Lucium
336 802 435 838 filins
466 812 538 837 suo
570 814 755 852 quemque
785 801 967 840 tirocinio
1001 801 1213 841 deduceret
1241 805 1285 841 in
1312 801 1484 852 s01·um.]

242 869 277 918 §.
311 870 403 906 103.
462 867 503 904 in
540 867 735 918 petitione.
778 868 819 905 in
852 870 1074 920 petitionem
1111 868 1238 909 Ajnb.
1273 874 1310 909 1.
1353 878 1392 908 et
1427 867 1570 921 Steph.

133 936 239 989 apud
266 933 406 973 Burm.
521 949 601 970 esse
619 949 671 973 sc.
723 950 763 971 se
784 950 864 972 esse
887 933 990 975 Bad.
1019 945 1058 975 et
1080 939 1180 975 aliae
1209 936 1297 975 edd.
1332 945 1446 986 vett„
1480 936 1570 975 cod.

131 1006 281 1042 nullus.
395 999 509 1039 liberi
537 1003 625 1038 sini.
677 1000 744 1041 lib.
774 1012 862 1039 sunt
896 1000 1003 1042 Flor.
1122 1003 1268 1042 Cadent
1300 1006 1433 1056 igitur.
1471 1001 1571 1042 Cat]-

131 1086 222 1123 crgo
250 1071 372 1107 etiam
399 1066 506 1107 Flor.
537 1066 664 1106 Aan.
695 1072 731 1106 1.
751 1073 792 1107 2.
835 1066 924 1108 Par.
951 1074 988 1108 1.
1011 1075 1051 1108 2.
1070 1074 1108 1109 5.
1150 1068 1290 1122 Camp.
1338 1072 1460 1122 igitur
1486 1072 1569 1123 pri-

129 1152 220 1177 mus
257 1137 365 1175 dedit
394 1133 525 1175 Colin.
640 1134 899 1189 syllogismus.
931 1135 1178 1190 syllogismos
1209 1135 1336 1176 Amb.
1361 1141 1398 1176 1.
1516 1147 1571 1174 est

128 1214 277 1260 aperta.
341 1220 404 1256 ap.
436 1212 491 1240 cst
522 1200 645 1242 Goth.
1438 1248 1442 1252 Ι

239 1273 276 1321 §.
301 1271 395 1310 104.
455 1269 503 1308 ab
525 1273 586 1308 iis.
625 1269 674 1308 ab
694 1272 746 1308 cis
771 1268 907 1310 Turio.
937 1269 1043 1310 Flor.
1063 1269 1203 1324 Camp.
1244 1271 1293 1309 ah
1315 1270 1374 1309 his
1394 1269 1518 1311 Amb.
1534 1275 1570 1310 1.

128 1337 263 1381 Guelf.
300 1335 421 1378 Goth.
457 1337 568 1377 Sich.
684 1354 836 1391 sequar.
867 1348 1049 1392 sequatur
1078 1337 1186 1378 Jens.
1217 1335 1317 1379 LOG.
1349 1337 1458 1377 Ven.

683 1480 714 1522 C
745 1495 774 1521 Α
804 1498 843 1522 1‘.
898 1479 1011 1522 VII.

239 1608 274 1659 ς.
306 1610 343 1645 1.
459 1602 667 1658 Inscriptio
694 1604 794 1644 haec
827 1613 885 1644 est
913 1607 957 1643 in
991 1603 1126 1645 Turio.
1157 1603 1263 1645 Flor.
1293 1603 1419 1645 Amb.
1458 1614 1568 1645 utro-

125 1690 226 1730 que,
260 1671 394 1713 Guelf.
428 1670 550 1714 Goth.
584 1671 707 1712 Bem.
752 1672 861 1712 Jens.
903 1681 942 1712 et
983 1681 1146 1725 posterr.
1191 1681 1284 1711 ante
1323 1671 1452 1712 Bad.:
1503 1673 1566 1723 Dc

124 1742 240 1781 laude
271 1751 305 1779 ct
334 1742 626 1793 vituperatione.
677 1738 777 1779 Bad.
807 1749 845 1779 et
869 1743 1015 1792 reliqui
1044 1740 1262 1778 dederunt:
1314 1739 1376 1776 De
1411 1739 1568 1778 demon-

122 1811 304 1856 strativo,
347 1806 451 1861 quod
495 1817 647 1846 constat
687 1805 802 1845 lande
842 1818 877 1845 et
916 1808 1208 1860 vituperatione.
1324 1820 1567 1860 πραγμα-

123 1878 256 1929 τικῇ.
318 1876 401 1924 Ita,
440 1874 509 1914 sed
538 1877 624 1913 sine
657 1882 824 1913 accentu
855 1882 894 1913 et
929 1876 1034 1920 iota,
1073 1875 1193 1912 etiam
1231 1871 1345 1922 Flor.v
1368 1871 1495 1912 Amb.
1526 1876 1566 1912 2.

119 1942 266 1996 'Camp-
312 1943 557 1995 pragmatice
579 1939 704 1980 Δῃὼ.
727 1946 765 1980 1.
879 1950 1085 1993 totamque.
1135 1948 1329 1993 totumque
1345 1936 1480 1979 Guelf.

122 2010 173 2050 ab
204 2019 338 2050 ostent.
372 2009 422 2048 ab
452 2022 532 2047 om.
566 2008 691 2059 idem.

239 2078 276 2129 ᾧ.
306 2082 345 2118 2.
405 2076 581 2127 negotiis.
627 2076 668 2112 in
695 2089 778 2126 neg.
819 2070 940 2113 Goth.
971 2088 1063 2112 cum
1090 2072 1199 2113 Jens.
1222 2081 1262 2112 et
1288 2080 1451 2125 posterr.
1475 2080 1566 2111 ante

125 2141 227 2184 Ald.
338 2141 494 2197 publico
512 2140 652 2195 aliquo.
697 2140 748 2180 al.
776 2139 883 2193 publ.
914 2138 1051 2179 Tul-ic.
1080 2139 1188 2180 Flor.
1215 2138 1341 2179 Amb.
1360 2144 1396 2178 1.
1429 2136 1563 2178 Guelf.

129 2209 298 2264 Camp.;
331 2218 510 2262 receptus
543 2209 639 2247 ordo
669 2217 726 2246 est
751 2209 795 2245 in
818 2204 940 2247 Goth.
1058 2206 1294 2246 laudatores.
1324 2203 1566 2244 laudationes

127 2275 262 2317 Guelf.
293 2292 317 2316 a
343 2292 403 2330 pr.
433 2291 488 2315 m.
603 2277 644 2313 in
676 2273 867 2314 Clodium.
900 2284 936 2312 ct
969 2273 1146 2314 Clodium
1175 2277 1295 2312 etiam
1322 2271 1410 2311 Par.
1434 2275 1471 2310 1.
1495 2276 1563 2323 2.;

124 2353 282 2397 recepta
313 2352 370 2383 est
403 2346 447 2381 in
486 2341 577 2383 Par.
601 2345 640 2382 5.
681 2339 820 2394 Camp.
853 2339 965 2382 Sich.
1080 2351 1169 2380 sunt
1195 2339 1285 2379 hab.
1313 2348 1407 2379 sent.
1467 2347 1561 2376 sent.

123 2409 214 2450 hab.
244 2421 331 2450 sunt
359 2408 497 2463 Camp.

239 2479 274 2530 §.
307 2483 346 2518 3.
406 2476 553 2531 Neque.
597 2491 666 2515 nec
698 2473 820 2515 Goth.
848 2474 956 2515 Jens.
978 2483 1017 2514 et
1035 2481 1197 2527 posterr.
1220 2479 1311 2511 ante
1335 2468 1445 2512 Sich.

121 2544 273 2596 infitias
307 2560 363 2584 co.
424 2542 475 2584 In
503 2542 640 2584 Tusic.
671 2557 695 2583 a
722 2557 783 2595 pr.
816 2557 872 2582 m.
911 2549 994 2580 erat
1033 2542 1205 2595 irfictias
1241 2554 1308 2590 ρο,-
1347 2537 1426 2577 hoo
1469 2550 1558 2576 001·-

122 2612 227 2652 rexit
259 2625 335 2652 sec.
369 2626 422 2653 m.
457 2620 497 2652 et
524 2619 662 2653 notam
693 2610 826 2651 addit:
866 2608 910 2649 id
932 2618 988 2648 est
1019 2623 1128 2662 nego.
1243 2604 1435 2661 quasdam
1463 2619 1555 2646 esee.
