1757 2979
233 170 288 210 acl
308 171 473 225 Quintil.
495 170 696 220 Instit.X,
721 178 760 219 2.
784 176 819 225 §.
848 172 1041 220 17—28.
1095 177 1135 214 3.
1151 177 1200 226 ,§.
1224 178 1395 219 ,2—20.
1453 173 1531 214 421

204 281 241 332 §.
272 287 340 323 26.
399 283 545 323 homini
575 285 847 324 inconcessum.
902 282 1028 325 Aan.
1060 290 1098 325 2.
1130 284 1346 325 hominibus
1374 301 1532 326 conces-

92 364 188 388 sum.
276 350 378 404 quod
406 353 539 404 cuique
569 348 668 393 Ioco.
721 350 788 392 Sic
815 350 904 392 Par.
940 358 980 392 2.
1039 367 1114 406 quo
1143 352 1275 407 quidq.
1309 352 1335 392 I.
1377 352 1466 393 Par.
1492 358 1529 393 1.

90 432 163 469 quo
182 416 370 471 quidquid
389 417 414 457 ἶ.
434 416 523 457 Par.
547 422 585 457 6.

201 486 238 537 §.
270 490 338 525 27.
394 501 592 541 quamque.
632 484 699 525 Sic
718 484 809 526 Par.
832 491 868 526 1.
891 492 933 527 2.
957 491 992 531 Q.
1054 502 1171 541 qnam
1195 503 1291 541 quae
1311 479 1435 527 Amb.
1457 493 1496 527 2.

200 553 237 603 §.
271 557 336 592 28.
396 554 597 606 supersint.
637 552 726 592 Par.
753 559 788 592 1.
813 559 852 594 2.
876 559 913 593 6.
932 553 1058 595 Amb.
1080 560 1119 596 2.
1145 564 1358 607 supersunt.

650 673 681 716 C
714 690 740 715 A
773 690 810 716 P.
870 674 959 717 111.

196 753 232 806 ᾗ.
266 758 304 793 2.
362 751 491 795 altius,-
527 750 618 795 Par.
640 759 677 794 6.
701 754 792 795 alte.
843 755 969 795 Amb.
989 761 1027 795 2.
1047 754 1160 794 alter.
1244 754 1333 809 fec.
1351 755 1416 808 fit.
1459 753 1526 795 Sia

82 819 172 859 Par.
197 825 234 859 1.
257 826 294 860 2.
342 818 468 861 Amb.
492 825 530 860 2.
552 824 775 877 omittitfit.
866 834 900 860 er
915 822 1064 874 fundit.
1108 818 1175 859 Sic
1195 817 1285 860 Par.
1306 826 1346 861 2.
1369 836 1446 862 sec.
1467 837 1522 862 m.

84 887 248 943 fffumlit
267 887 356 926 Par.
388 892 423 927 1.
450 892 486 928 2.
513 891 550 927 6.
642 888 893 925 conscientia.
932 885 1000 926 Sic
1019 885 1110 926 Par.
1134 891 1169 926 1.
1194 893 1234 927 2.

190 957 225 1006 §.
259 958 299 992 3.
356 952 524 991 aerario.
566 949 634 990 Sic
662 951 752 991 I‘ar.
775 958 814 993 2.
840 958 877 992 6.
915 958 951 992 1.
974 956 1015 991 in
1039 968 1161 1006 marg.

192 1021 230 1071 §.
262 1021 300 1060 4.
356 1019 542 1072 parentis.
584 1017 652 1059 Sic
672 1018 764 1061 Par.
788 1026 825 1060 2.
851 1024 888 1060 6.
911 1018 1034 1058 Amb.
1057 1025 1097 1059 2.
1153 1031 1356 1075 parentum
1374 1021 1463 1062 Par.
1485 1027 1521 1062 1.

193 1088 231 1138 §.
263 1090 302 1127 5.
358 1085 545 1142 proferel.
585 1084 653 1125 Sic
672 1085 762 1127 Par.
789 1092 826 1126 2.
846 1102 922 1126 sec.
944 1102 1000 1126 m.
1042 1088 1225 1144 prqferat
1242 1087 1332 1131 Par,
1360 1095 1396 1130 1.
1419 1095 1459 1131 2.
1483 1095 1521 1130 6.

191 1157 228 1204 §.
263 1159 301 1195 7.
358 1154 472 1209 fieret.
509 1152 576 1193 Sic
597 1153 687 1194 Par.
709 1155 749 1193 4.
773 1160 810 1195 5.
858 1157 979 1209 ficret
1007 1153 1097 1194 Par.
1127 1160 1164 1194 ’1.
1194 1160 1232 1197 6.
1279 1156 1413 1212 fuerit
1429 1156 1519 1198 Par.

80 1230 118 1264 2.
150 1238 227 1263 sec.
250 1237 303 1261 m.

186 1292 221 1343 ξ.
256 1295 321 1329 10.
377 1286 663 1343 provideamus.
704 1286 771 1329 Sic
794 1288 886 1329 Par.
910 1293 948 1330 5.
971 1293 1009 1329 6.
1067 1289 1343 1345 prohibeamus
1362 1288 1452 1332 Par.
1481 1296 1517 1331 1.

78 1364 119 1399 2.
205 1356 486 1412 ciferocicuies
509 1373 564 1410 eq.
603 1357 728 1395 Amb.
751 1362 788 1396 2.
805 1356 1004 1410 qff'erentcs
1035 1355 1143 1412 (sine
1170 1355 1246 1412 et).
1305 1357 1396 1398 Par.
1419 1363 1457 1398 1.
1478 1363 1520 1399 2.

79 1430 116 1464 6.
139 1436 172 1463 ct
194 1425 391 1479 ff⁷rcr1ics
414 1440 470 1478 cq.
531 1422 811 1479 [Frotscherus
835 1424 967 1464 dedit:
1001 1434 1035 1463 et
1051 1424 1326 1478 provideamus
1346 1425 1523 1480 ffrentu'

76 1508 116 1531 se
145 1491 332 1546 quosdam
350 1490 494 1548 frenos
525 1491 658 1545 quibus
686 1507 949 1540 coerceamus,
996 1506 1082 1531 non
1114 1507 1257 1546 parum
1287 1508 1310 1533 a
1334 1494 1520 1533 codicum

76 1560 152 1599 fide
185 1561 367 1599 aberrans
405 1567 443 1598 et
485 1561 627 1598 infelix
669 1561 710 1598 in
751 1573 797 1598 eo
838 1559 946 1613 quod
991 1561 1113 1598 etiam
1139 1558 1286 1615 frenos
1318 1560 1522 1614 provideri

75 1630 196 1678 jubet.
248 1628 332 1667 Nos
348 1627 605 1666 scribendum
626 1629 900 1665 existimamus
920 1635 955 1663 et
972 1625 1247 1678 provideamus
1257 1655 1269 1674 ,
1300 1637 1336 1665 et
1356 1627 1520 1682 ffren-

75 1705 150 1733 scm
179 1710 219 1734 se
261 1693 448 1746 (dicendi
477 1693 732 1746 facultatem)
773 1695 887 1748 quasi
908 1692 1045 1749 fi·enis
1079 1692 1308 1748 quibusdam
1338 1710 1520 1736 coercea-

74 1762 201 1819 mus.]
274 1761 463 1817 ficerint.
500 1759 569 1800 Sic
588 1759 677 1800 Par.
702 1765 739 1800 6.
787 1761 975 1818 jecerunt
999 1759 1087 1801 Par.
1116 1765 1151 1800 1.
1174 1766 1215 1802 2.

187 1830 224 1880 §.
258 1834 326 1868 11.
387 1826 444 1880 [Ε
461 1828 644 1868 codicum
664 1827 802 1881 Spald.
824 1831 1019 1883 scriptura
1038 1830 1103 1883 qui
1121 1826 1285 1882 singulis
1308 1827 1373 1868 vel
1393 1829 1520 1869 actio-

76 1913 165 1936 num
202 1894 382 1950 partibus
421 1896 633 1934 insenescat
673 1894 854 1936 Frotsch.
897 1898 992 1935 fecit
1032 1898 1100 1950 qui
1125 1894 1289 1949 singulis
1322 1899 1522 1936 actionum

72 1962 256 2019 'partibus
284 1962 386 2002 velut
415 1963 668 2014 insenescat.]

186 2032 223 2082 §.
257 2035 323 2073 13.
383 2029 586 2070 adductae.
632 2028 699 2069 Sic
722 2026 810 2069 Par.
832 2032 870 2068 6.
893 2027 1017 2071 Amb.
1041 2035 1080 2070 2.
1142 2030 1332 2072 abductae
1359 2030 1448 2072 Par.
1481 2036 1517 2071 1.

76 2099 263 2140 obductae
292 2097 380 2138 Par.
406 2104 446 2138 2.
479 2113 555 2137 sec.
580 2112 634 2137 m.

187 2169 222 2215 ᾗ.
258 2170 321 2206 15.
383 2167 524 2204 intuiti,
567 2162 632 2205 Sic
655 2163 742 2205 Par.
767 2168 804 2204 6.
854 2166 994 2203 intuitu
1030 2164 1118 2205 Par.
1142 2171 1180 2204 2.
1205 2169 1241 2206 6.

187 2238 223 2286 §.
261 2237 323 2273 16.
383 2230 551 2286 ideoque.
610 2230 744 2271 Etiam
762 2231 887 2271 Amb.
910 2237 948 2272 2.
973 2231 1072 2272 idco.

189 2303 226 2352 §.
262 2305 325 2341 17.
379 2299 474 2356 filit.
515 2299 581 2339 Sic
601 2298 690 2340 Par.
715 2306 750 2339 1.
775 2304 812 2339 6.
853 2299 971 2355 judit
999 2299 1089 2340 Par.
1113 2306 1151 2340 2.

187 2371 225 2420 §.
260 2374 325 2409 18.
383 2371 588 2422 sequimur.
631 2366 697 2406 Sic
715 2365 805 2408 Par.
830 2373 868 2407 1.
894 2373 933 2407 2.
988 2384 1184 2422 sequemur
1213 2367 1305 2408 Par.
1332 2373 1369 2407 5.
1395 2372 1433 2407 6.

189 2439 226 2488 §.
259 2442 325 2479 19.
383 2434 591 2489 quamlibet
622 2445 844 2488 properato.
895 2433 1018 2475 Amb.
1051 2441 1090 2475 2.
1123 2433 1331 2489 quamlibet
1361 2445 1395 2472 ct
1422 2451 1521 2489 pro-

75 2515 227 2559 perato-

189 2573 224 2624 §.
259 2578 324 2611 20.
385 2573 556 2609 inertior.
618 2567 742 2612 Amb.
780 2575 816 2610 2.
868 2572 1065 2609 inormior.
1144 2569 1270 2621 [velut
1305 2570 1521 2626 qffensator

67 2641 208 2695 *fuer-rit.
268 2639 339 2680 His
369 2640 556 2694 quidem,
607 2640 705 2677 sie-ut
736 2653 843 2677 nuuc
878 2641 995 2691 vulgo
1028 2640 1234 2690 leguntur,
1287 2653 1408 2678 nemo
1437 2653 1519 2678 non
