1721 2974
494 134 509 153 ἱ

240 209 295 269 aa
327 208 493 263 Quium.
523 208 654 250 Inszzt.
685 207 767 262 111,
792 213 831 251 9.
856 207 895 260 §.
916 212 1062 250 2—9.
1123 213 1191 250 10.
1211 208 1248 260 §.
1273 211 1414 253 1-4.
1474 217 1554 255 163

214 324 252 375 §.
282 329 322 364 8.
383 322 561 379 conferri
593 326 725 363 omitt.
760 321 900 376 Camp.
1014 337 1176 370 omnem,
1200 332 1250 362 et.
1291 321 1374 375 Sic,
1408 327 1553 366 omisso

102 402 269 447 oportet,
304 393 426 430 etiam
453 390 561 431 Flor.
591 389 771 432 A1nb.2.
803 389 948 431 Par.1.
980 387 1148 443 Camp.3
1180 388 1309 431 Aan.
1332 395 1369 432 1.
1395 395 1557 445 siletur,

100 475 196 501 cum
228 458 330 500 Obr.
363 460 536 497 retineat
575 468 702 512 oport.
817 460 968 512 cuique.
1028 473 1180 513 quoque
1219 457 1325 499 Flor.
1370 458 1556 503 Amb.2.

99 528 191 569 Par.
218 532 255 568 1.
294 525 436 578 Camp.
466 527 558 565 fort.
590 525 718 565 Amb.
743 529 781 565 1.
897 528 965 565 sit.
1024 524 1106 578 Sic,
1136 528 1279 566 omisso
1305 525 1405 579 loco,
1436 531 1560 569 etiam

99 594 209 635 Flor.
238 592 367 634 Amb.
391 598 429 633 1.
449 599 488 634 2.
521 593 612 633 Par.
638 598 675 633 1.
710 591 852 647 Camp.
971 592 1091 635 decet.
1141 591 1204 634 Ita
1229 593 1337 635 Flor.
1360 610 1384 635 a
1402 611 1479 636 sec.
1500 612 1557 638 m.

99 662 191 703 Par.
214 666 253 702 1.
371 661 420 700 ab
450 663 513 702 iis.
576 661 626 700 ab
657 661 719 699 his
747 659 876 701 Amb.
901 666 940 702 1.
969 663 1077 701 Flor.
1113 658 1249 702 Guelf.
1282 661 1394 707 Sich.

215 731 251 782 §.
287 734 326 771 9.
387 727 496 768 Nam
526 745 595 769 nec
633 731 744 783 ping.
811 728 995 782 Namque
1017 746 1058 782 p.
1099 731 1221 768 etiam
1255 728 1364 772 Flor.
1430 731 1561 772 Nam-

105 815 179 853 que
215 814 284 837 nec
319 813 362 852 p.
407 797 519 836 idem
556 812 580 836 a
616 812 695 836 sec.
735 811 794 836 m.
920 806 988 836 aut
1018 798 1121 851 fing.
1190 813 1240 837 ac
1262 800 1375 854 fing.
1422 798 1562 844 Turio.

104 866 214 906 Flor.
256 863 393 906 Guelf.
441 863 570 905 Amb.
603 870 643 906 2.
690 862 833 918 Camp.
964 881 1034 904 nce
1079 865 1250 920 denique.
1319 883 1436 921 neque
1480 868 1565 912 den.

107 932 232 974 Goth.
350 949 418 972 ars
446 931 543 972 ulla..
605 948 641 971 a.
673 931 747 971 illu
775 931 885 972 Jens.
916 940 956 972 et
983 941 1148 985 posterr.
1180 942 1272 973 ante
1302 931 1441 986 Cerv.‚
1481 952 1567 979 exc.
1608 956 1610 958 ·

106 1000 229 1042 Tarv.
260 999 358 1040 Ald.
483 999 726 1040 ordiendum.
794 999 937 1040 coeorcl.
975 999 1100 1040 Amb.
1128 1005 1165 1040 1.
1294 1001 1390 1056 quid
1420 1005 1507 1057 fiet.

108 1068 216 1123 quod
239 1067 286 1126 f.
347 1066 483 1107 Turio.
525 1083 548 1107 a
587 1083 665 1108 sec.
697 1083 749 1106 m.
790 1066 930 1121 Camp.
1053 1070 1220 1108 materia
1255 1081 1326 1110 est.
1386 1081 1440 1108 est
1473 1083 1566 1113 mai.

109 1134 250 1189 Camp.
349 1138 628 1190 praecipimus,
682 1138 952 1190 praecepimus
975 1133 1100 1175 Amb.
1125 1140 1174 1188 1.,
1205 1145 1251 1177 ut
1267 1139 1398 1178 voluit
1427 1137 1571 1182 Franc.

224 1203 404 1244 dicimus.
464 1203 639 1243 dicemus'
670 1202 796 1244 Aan.
826 1209 858 1243 1.
1460 1211 1468 1217 “

695 1314 864 1357 CAP.
923 1313 1038 1355 X.'

224 1403 509 1459 Inscriptiones
539 1414 635 1446 sunt
667 1406 770 1446 hae:
817 1405 880 1444 De
904 1405 1109 1459 generibus
1138 1403 1274 1447 Turio.
1303 1405 1410 1449 Flor.
1441 1406 1576 1452 Guelf.

115 1473 239 1516 Goth.
268 1472 392 1514 Bern.
426 1473 534 1515 Jens.
570 1484 610 1514 et
640 1483 804 1527 posterr.
841 1483 931 1513 ante
963 1472 1066 1512 Bad.
1117 1473 1181 1511 Dc
1205 1476 1410 1527 generibus
1433 1494 1576 1517 ear-un-

115 1543 202 1582 dem
230 1540 355 1582 Amb.
380 1547 415 1582 1.
464 1543 520 1582 D.
542 1559 584 1595 g.
610 1541 863 1597 judicialium
885 1558 1094 1582 causarum
1119 1539 1222 1582 Bad.
1270 1542 1326 1584 D.
1350 1560 1396 1597 g.
1422 1548 1454 1598 j,
1485 1562 1560 1587 con

115 1613 397 1652 troversiarum
426 1609 579 1651 Cervic.
608 1620 646 1650 et
670 1613 827 1665 reliqui.

231 1680 265 1732 §.
299 1684 336 1720 1.
390 1678 510 1718 Haec
537 1703 593 1709 -—
614 1677 708 1719 illa.
765 1675 828 1717 Ita
859 1680 981 1718 etiam
1010 1676 1116 1717 Flor.
1154 1676 1277 1718 Amb.
1302 1683 1340 1719 1.
1363 1685 1402 1721 2.
1430 1679 1520 1722 Par.
1543 1686 1582 1725 1.

118 1753 157 1789 2.
189 1750 229 1789 5.
273 1745 413 1800 Camp.
474 1746 677 1787 Ordinem
706 1749 878 1786 mutavit
909 1749 1088 1799 primum
1121 1745 1254 1788 Colin.
1382 1758 1451 1786 aut
1482 1751 1585 1804 ejus-

117 1815 218 1856 dcm.
278 1825 406 1854 autem
433 1817 480 1869 ej.
513 1812 638 1855 Goth.
670 1830 765 1854 011111
792 1814 902 1855 Jens.
935 1813 1057 1854 Tarv.
1086 1812 1186 1854 Ald.
1301 1826 1343 1854 ut
1373 1817 1415 1854 in
1438 1833 1528 1871 pec.

122 1895 189 1922 aut
220 1887 263 1922 in
291 1900 334 1937 p.
388 1880 512 1923 Goth
553 1897 647 1922 cum
689 1881 808 1922 Voss.
841 1883 881 1923 2.
1011 1892 1079 1920 aut
1121 1882 1280 1923 diversi.
1350 1899 1388 1924 a.
1431 1884 1589 1926 diversa

88 1968 97 1999 g
121 1953 243 1989 etiam
289 1949 391 1988 Flor.
435 1948 575 2002 Camp.
700 1950 820 1989 simul
853 1961 888 1988 et
930 1949 1074 1988 homic.
1148 1959 1185 1986 et
1215 1949 1319 1991 hom.
1358 1953 1445 1991 sim.
1483 1951 1590 1993 Flor.

122 2016 248 2058 Amb.
273 2021 307 2055 1.
340 2013 474 2054 Guelf.
503 2013 627 2054 Goth.
660 2015 801 2067 Camp.
842 2017 946 2070 (nisi
979 2016 1089 2069 quod
1118 2018 1162 2054 iu
1193 2017 1272 2057 hoc
1331 2029 1400 2057 aut
1425 2034 1496 2071 pro
1526 2019 1588 2075 et)

123 2085 233 2126 Jens.
262 2092 301 2122 et
322 2091 485 2135 posterr.
509 2091 600 2120 ante
625 2079 781 2135 Gryph.
891 2085 1130 2137 principum.
1186 2087 1427 2140 principium
1455 2086 1591 2129 Turio.

125 2168 150 2193 a
174 2168 233 2206 pr.
256 2166 311 2190 m.
345 2149 464 2189 Tarv.
1421 2156 1424 2159 '

243 2221 280 2271 §.
314 2224 355 2259 2.
416 2217 584 2256 etiamsi.
645 2218 718 2255 etsi
753 2214 884 2256 Guelf.
1003 2219 1084 2255 nisi
1112 2220 1159 2257 si.
1219 2215 1282 2257 Ita
1309 2218 1400 2260 Par.
1430 2225 1467 2261 1.
1497 2225 1532 2262 3.
1553 2222 1593 2261 4.

129 2291 165 2328 si
192 2290 322 2328 omitt.
357 2289 480 2325 etiam
509 2284 600 2324 Par.
626 2288 665 2324 5.
699 2283 836 2336 Camp.

245 2357 282 2408 ς.
315 2359 353 2395 3.
423 2352 591 2392 Rarum.
659 2349 775 2391 Raro
816 2350 938 2391 Goth.
975 2366 1072 2389 cum
1109 2350 1230 2392 Voss.
1266 2358 1303 2392 1.
1348 2352 1426 2407 (an
1465 2354 1597 2412 2.?);

133 2422 273 2476 Camp.
311 2425 390 2462 ita:
448 2419 601 2460 Rarior
633 2430 688 2458 est
729 2431 858 2458 tamen
887 2435 1001 2470 usu-v,
1045 2430 1084 2457 ut
1113 2428 1189 2459 cet.
1254 2422 1258 2425 ⁷
1303 2427 1538 2475 praemium,

132 2495 306 2546 primum
339 2490 475 2542 Camp.

252 2561 288 2611 §.
321 2559 361 2598 4.
422 2556 579 2612 quidam
610 2571 780 2593 numera.
843 2570 999 2593 numero
1024 2557 1153 2594 Olnitt.
1186 2558 1309 2595 etialn
1337 2557 1427 2598 Par.
1449 2559 1487 2598 4,

138 2643 236 2682 quae
265 2623 692 2678 ἀντικατηγοριά
723 2633 901 2662 vocatur.
964 2637 1411 2678 αντικατηγοριας
1439 2636 1605 2666 vocatur

139 2693 263 2735 Amb.
285 2699 336 2746 1.‚
369 2708 448 2732 om.
486 2709 597 2746 quac.
713 2693 858 2744 generi.
918 2706 1057 2742 genere
1088 2690 1220 2730 Guelf.
1251 2706 1274 2730 a
1303 2708 1362 2746 pr.
1388 2709 1443 2733 m.
1479 2691 1603 2735 Goth.

1056 2755 1091 2796 L
1120 2764 1144 2796 2
