1721 2974
198 130 276 166 376
629 129 901 185 Suppli-menia
940 133 1200 171 annotationis

305 239 342 289 §.
373 237 413 278 4.
468 240 594 281 iidem.
642 240 765 279 Amb.
791 241 832 280 id
852 252 918 280 esi.
1033 257 1144 282 mom.
1197 241 1322 284 Amb.
1342 255 1444 299 post.
1536 264 1626 301 per-

196 304 408 357 cipienclum
433 316 565 347 tuetur
593 308 716 346 Amb.
748 316 786 346 et
818 311 980 348 interest
1010 309 1119 348 haud
1144 311 1262 349 dubie
1291 314 1442 366 aliquid
1460 315 1560 352 inter
1581 330 1627 353 ea

196 385 300 424 quae
327 374 489 413 obscura
513 378 592 413 siut
621 389 689 425 per
718 389 782 425 se,
825 384 863 413 et
893 391 994 430 quae
1016 378 1171 416 difficile
1195 381 1461 431 percipiantur
1481 411 1492 430 ‚
1533 395 1627 418 nam

195 447 290 477 sunt
318 442 437 478 etiam
469 444 571 479 clara
601 443 820 488 nonnulla,
862 457 964 496 quae
995 452 1128 482 tamen
1153 454 1313 497 propter
1331 447 1628 485 multitudinem

197 504 496 544 distinctionum
527 507 684 545 difficile
709 508 922 551 discantur.

309 574 346 622 §.
380 577 412 612 6.
469 571 605 612 Verba
625 584 704 612 ium
723 584 757 611 ct
780 577 826 613 ab
847 574 971 616 Amb.
1001 579 1164 625 absunt,
1199 593 1328 632 neque
1349 579 1598 620 desiderabis.

307 640 344 688 §.
375 643 413 678 7.
475 639 542 677 secl
561 657 676 680 max.
724 640 848 681 Amb.
871 641 976 683 Flor.
1000 646 1098 682 item
1124 655 1158 682 et
1184 647 1372 685 maxime.

305 706 342 755 §.
375 709 413 744 9.
471 723 591 758 porro
611 707 755 762 (lc-puls,
776 725 935 749 omnem.
972 710 1040 750 Ab
1058 710 1182 750 Amb.
1205 715 1311 751 abest
1329 712 1474 767 clepuls.
1503 722 1628 753 totus-

196 788 273 827 que
299 774 407 811 locus
437 776 491 813 sic
517 777 685 826 legitur:
727 785 762 813 et
790 778 828 814 in
856 777 1083 829 quibusdam
1106 781 1347 817 intentionem
1364 780 1477 820 modo
1497 780 1630 834 depul-

196 842 339 877 sionem
367 856 488 893 porro
519 858 678 880 omnem.
742 842 829 881 Hoc
861 845 1045 897 equidem
1072 848 1126 883 ita
1156 848 1393 897 amplector,
1437 855 1484 886 ut
1503 850 1630 886 inter-

194 921 370 958 pungam
399 918 487 960 post
518 909 632 948 modo
662 918 701 948 et
728 911 962 949 subaudiam
1001 927 1090 951 esse.
1149 912 1361 952 Schiitzius
1395 916 1440 951 iu
1480 914 1627 954 dissert.

195 973 362 1013 Halensi
382 990 467 1028 pag.
490 981 542 1016 28
575 986 748 1016 ceterum
779 987 931 1016 servata
958 970 1119 1030 vulgata
1143 982 1333 1031 scriptura
1358 995 1428 1032 pro
1454 981 1631 1034 sufficere

192 1043 446 1080 scribendum
474 1052 587 1095 putat
616 1054 756 1081 statum
773 1046 936 1096 fimet-e,
984 1048 1173 1098 jubetque
1203 1048 1372 1085 conferri
1401 1050 1470 1086 lib.
1490 1044 1562 1097 III,
1589 1052 1628 1096 6,

196 1111 248 1145 16
264 1123 349 1162 sqq.
438 1110 583 1166 dcfcrzs.
607 1127 654 1150 ac
674 1110 808 1149 transl.
855 1111 978 1150 Amb.
1002 1111 1219 1168 defensione
1238 1113 1501 1165 altercatione,
1537 1129 1629 1153 omn

193 1175 342 1214 lineola
368 1180 439 1216 sub
460 1181 588 1230 priore
607 1186 717 1231 parte
738 1181 849 1216 verbi
872 1178 1009 1218 altere.

305 1245 339 1294 §.
373 1250 438 1284 10.
470 1261 473 1265 ·
501 1255 646 1298 quaest.
673 1255 739 1282 aut
763 1253 837 1284 cet.
885 1244 1009 1284 Amb.
1033 1245 1138 1285 Flor.
1157 1255 1202 1285 ut
1225 1245 1359 1286 Turio.
1448 1246 1556 1298 Quae
1574 1271 1629 1277 —

194 1312 433 1349 cominentur
459 1311 680 1364 Spaldingii
709 1315 974 1362 conjecturam
993 1317 1142 1366 recepit
1160 1312 1372 1352 Pottierius
1390 1315 1435 1352 in
1457 1323 1628 1354 textum.

193 1373 308 1415 Certe
341 1381 581 1417 continentur
611 1393 751 1418 verum
786 1380 962 1430 videtur,
1014 1381 1122 1433 quod
1152 1381 1202 1418 ad
1230 1395 1364 1419 causas
1391 1390 1430 1420 et
1459 1384 1630 1421 actiones

191 1447 411 1494 pertineat:
451 1449 635 1499 copulam
651 1446 808 1485 videtur
826 1444 970 1497 Quint.
993 1449 1288 1487 continuandae
1308 1450 1494 1488 orationis
1515 1463 1630 1488 causa

194 1511 393 1561 adjecisse.

304 1581 340 1630 §.
367 1584 432 1618 11.
469 1578 605 1618 Etiam
623 1577 747 1619 Amb.
768 1583 845 1620 sic:
875 1598 1037 1634 quarum
1055 1580 1222 1620 exordio
1244 1581 1453 1620 conciliari
1472 1582 1631 1622 audien*

191 1654 287 1693 iem,
319 1649 544 1685 narratione
557 1650 761 1700 proposita
784 1649 1037 1702 confirmari,
1071 1647 1304 1704 refutatione
1323 1660 1390 1687 aut
1408 1653 1631 1690 memorium

193 1721 267 1752 cet.

304 1780 340 1829 §.
376 1786 440 1820 13.
500 1781 576 1821 Hic
612 1785 748 1821 titulus
789 1781 969 1831 adjicitur
1002 1783 1121 1818 etiam
1150 1782 1192 1817 in
1224 1778 1349 1818 Amb.
1391 1781 1473 1819 DE
1503 1780 1629 1820 PYR-

194 1845 361 1884 TV'TE
390 1848 802 1888 ELOCVTJONJS.
862 1847 961 1901 εἷος.
983 1858 1120 1886 autem.
1152 1845 1276 1885 Amb.
1304 1848 1361 1884 ait
1380 1847 1626 1901 cloquentem,

189 1916 275 1953 sine
301 1926 440 1954 antem.
527 1915 683 1954 diser-lo.
722 1915 789 1955 Sic
811 1913 931 1954 Amb.
955 1915 1124 1967 liquido.

300 1983 335 2033 ᾧ.
371 1987 437 2021 16.
497 1982 571 2021 huc
589 1982 690 2020 stud.
711 1982 842 2020 adhib.
891 1979 1016 2020 Amb.
1037 1981 1101 2018 hic
1119 1979 1285 2018 studium
1312 1979 1523 2033 plurimum
1552 1983 1627 2022 acl-

189 2047 404 2088 hibendum.
515 2050 579 2088 hic
609 2052 729 2088 etiam
757 2049 788 2087 F
792 2052 864 2088 lor.
896 2063 1017 2102 quem
1043 2049 1191 2085 librum
1212 2050 1332 2085 miror
1352 2063 1422 2086 cur
1438 2057 1521 2087 tam
1540 2065 1626 2089 raro

188 2114 444 2169 Spaldingius
466 2118 517 2156 ad
544 2126 672 2170 partes
696 2119 868 2165 vocarit,
907 2129 999 2153 omn
1029 2112 1274 2168 Guelferbyt.
1295 2116 1413 2167 longe
1437 2118 1499 2154 illi
1520 2119 1626 2155 infe-

186 2184 298 2222 rioris
317 2188 525 2236 scripturas
551 2185 760 2236 diligenter
792 2184 1125 2231 commemorarit.

296 2255 332 2302 §.
366 2256 430 2291 18.
489 2250 593 2304 quod
612 2261 666 2288 cst
685 2274 740 2279 --
763 2249 1077 2302 pulcherrimum.
1127 2246 1460 2287 Emendationem
1484 2248 1623 2302 Spald.

182 2319 336 2372 liquido
359 2320 564 2357 confirmat
592 2316 717 2356 Amb.
745 2318 810 2370 qui
828 2341 883 2346 —
906 2314 1201 2369 pulcherrimus.

298 2386 333 2436 §.
368 2389 433 2424 19.
491 2384 558 2424 sed
584 2407 638 2413 —
662 2383 784 2422 vulsa.
830 2381 951 2422 Amb.
980 2392 1021 2421 at
1040 2380 1236 2420 -zrolsm
1351 2392 1450 2420 suni.
1495 2380 1619 2422 Amb.

185 2454 280 2499 sint,
329 2466 483 2504 prorsus
512 2466 563 2490 ex
593 2465 702 2490 more
734 2451 954 2501 scriptoris,
1000 2450 1042 2485 in
1071 2447 1148 2486 hoo
1177 2450 1520 2498 conjunctivorum
1550 2464 1621 2488 usu

183 2520 386 2557 lenitatem
413 2518 616 2571 quandam
637 2517 916 2570 placidumque
941 2517 1132 2553 sermonis
1157 2529 1280 2566 genus
1304 2515 1536 2555 affectantis.

295 2586 330 2635 ξ.
365 2589 432 2624 21.
490 2600 636 2637 semper
665 2582 790 2622 Amb.
815 2584 973 2621 omittit.
1017 2591 1104 2634 post
1125 2597 1286 2636 seseque.
