<?xml version="1.0" encoding="UTF-8"?>
<!DOCTYPE html PUBLIC "-//W3C//DTD XHTML 1.0 Transitional//EN"
    "http://www.w3.org/TR/xhtml1/DTD/xhtml1-transitional.dtd">
<html xmlns="http://www.w3.org/1999/xhtml" xml:lang="en" lang="en">
 <head>
  <title>
</title>
<meta http-equiv="Content-Type" content="text/html;charset=utf-8" />
  <meta name='ocr-system' content='tesseract 3.04.00' />
  <meta name='ocr-capabilities' content='ocr_page ocr_carea ocr_par ocr_line ocrx_word'/>
</head>
<body>
  <div class='ocr_page' id='page_1' title='image "./deinstitutioneor05quinuoft_0511.png"; bbox 0 0 1757 2979; ppageno 0'>
   <div class='ocr_carea' id='block_1_1' title="bbox 499 623 1146 668">
    <p class='ocr_par' dir='ltr' id='par_1_1' title="bbox 499 623 1146 668">
     <span class='ocr_line' id='line_1_1' title="bbox 499 623 1146 668; baseline -0.003 0"><span class='ocrx_word' id='word_1_1' title='bbox 499 623 1146 668; x_wconf 87' lang='lat' dir='ltr'><strong>CORRIGENDA.</strong></span> 
     </span>
    </p>
   </div>
   <div class='ocr_carea' id='block_1_2' title="bbox 102 747 1550 1461">
    <p class='ocr_par' dir='ltr' id='par_1_2' title="bbox 102 747 952 794">
     <span class='ocr_line' id='line_1_2' title="bbox 102 747 952 794; baseline 0.002 -14"><span class='ocrx_word' id='word_1_2' title='bbox 102 756 184 791; x_wconf 80' lang='lat' dir='ltr'><strong>pag.</strong></span> <span class='ocrx_word' id='word_1_3' title='bbox 209 747 252 781; x_wconf 87' lang='lat'>23</span> <span class='ocrx_word' id='word_1_4' title='bbox 277 759 365 783; x_wconf 70' lang='lat' dir='ltr'>vet-S.</span> <span class='ocrx_word' id='word_1_5' title='bbox 390 751 410 783; x_wconf 85' lang='lat'><strong>3</strong></span> <span class='ocrx_word' id='word_1_6' title='bbox 437 760 457 783; x_wconf 81' lang='lat' dir='ltr'>a</span> <span class='ocrx_word' id='word_1_7' title='bbox 481 761 535 794; x_wconf 80' lang='lat' dir='ltr'>pr.</span> <span class='ocrx_word' id='word_1_8' title='bbox 559 751 639 794; x_wconf 84' lang='lat' dir='ltr'>lege</span> <span class='ocrx_word' id='word_1_9' title='bbox 667 753 751 785; x_wconf 78' lang='lat' dir='ltr'>Tur.</span> <span class='ocrx_word' id='word_1_10' title='bbox 773 761 839 794; x_wconf 84' lang='lat' dir='ltr'>pro</span> <span class='ocrx_word' id='word_1_11' title='bbox 867 751 952 783; x_wconf 86' lang='lat' dir='ltr'><strong><em>Tar.</em></strong></span> 
     </span>
    </p>

    <p class='ocr_par' dir='ltr' id='par_1_3' title="bbox 125 805 1027 851">
     <span class='ocr_line' id='line_1_3' title="bbox 125 805 1027 851; baseline 0.004 -14"><span class='ocrx_word' id='word_1_12' title='bbox 125 823 170 828; x_wconf 92' lang='lat'>—</span> <span class='ocrx_word' id='word_1_13' title='bbox 207 805 251 837; x_wconf 82' lang='lat'>24</span> <span class='ocrx_word' id='word_1_14' title='bbox 297 822 338 830; x_wconf 90' lang='lat'>—</span> <span class='ocrx_word' id='word_1_15' title='bbox 387 806 407 839; x_wconf 88' lang='lat'>5</span> <span class='ocrx_word' id='word_1_16' title='bbox 431 805 476 839; x_wconf 87' lang='lat' dir='ltr'>ab</span> <span class='ocrx_word' id='word_1_17' title='bbox 498 809 574 840; x_wconf 89' lang='lat' dir='ltr'>imo</span> <span class='ocrx_word' id='word_1_18' title='bbox 601 807 681 851; x_wconf 84' lang='lat' dir='ltr'>lege</span> <span class='ocrx_word' id='word_1_19' title='bbox 704 813 740 840; x_wconf 83' lang='lat' dir='ltr'>et</span> <span class='ocrx_word' id='word_1_20' title='bbox 763 811 803 842; x_wconf 89' lang='lat' dir='ltr'><em>K</em></span> <span class='ocrx_word' id='word_1_21' title='bbox 824 819 891 851; x_wconf 88' lang='lat' dir='ltr'>pro</span> <span class='ocrx_word' id='word_1_22' title='bbox 915 812 956 838; x_wconf 86' lang='lat' dir='ltr'>ut</span> <span class='ocrx_word' id='word_1_23' title='bbox 979 808 1027 841; x_wconf 81' lang='lat' dir='ltr'>K.</span> 
     </span>
    </p>

    <p class='ocr_par' dir='ltr' id='par_1_4' title="bbox 126 860 1191 908">
     <span class='ocr_line' id='line_1_4' title="bbox 126 860 1191 908; baseline 0 -14"><span class='ocrx_word' id='word_1_24' title='bbox 126 879 168 885; x_wconf 91' lang='lat'>—-</span> <span class='ocrx_word' id='word_1_25' title='bbox 185 860 251 894; x_wconf 86' lang='lat'>262</span> <span class='ocrx_word' id='word_1_26' title='bbox 298 879 342 886; x_wconf 95' lang='lat'><strong>—</strong></span> <span class='ocrx_word' id='word_1_27' title='bbox 388 864 409 894; x_wconf 82' lang='lat'><strong>4</strong></span> <span class='ocrx_word' id='word_1_28' title='bbox 434 874 453 895; x_wconf 91' lang='lat' dir='ltr'>a</span> <span class='ocrx_word' id='word_1_29' title='bbox 476 873 529 905; x_wconf 82' lang='lat' dir='ltr'>pr.</span> <span class='ocrx_word' id='word_1_30' title='bbox 552 863 631 906; x_wconf 80' lang='lat' dir='ltr'>lege</span> <span class='ocrx_word' id='word_1_31' title='bbox 656 870 694 895; x_wconf 84' lang='lat' dir='ltr'>ut</span> <span class='ocrx_word' id='word_1_32' title='bbox 721 864 864 908; x_wconf 82' lang='lat' dir='ltr'><em>quidam</em></span> <span class='ocrx_word' id='word_1_33' title='bbox 887 874 952 907; x_wconf 84' lang='lat' dir='ltr'>pro</span> <span class='ocrx_word' id='word_1_34' title='bbox 977 869 1011 895; x_wconf 85' lang='lat' dir='ltr'>et</span> <span class='ocrx_word' id='word_1_35' title='bbox 1036 861 1191 906; x_wconf 82' lang='lat' dir='ltr'><em>quidam,</em></span> 
     </span>
    </p>

    <p class='ocr_par' dir='ltr' id='par_1_5' title="bbox 125 917 1237 964">
     <span class='ocr_line' id='line_1_5' title="bbox 125 917 1237 964; baseline -0.001 -11"><span class='ocrx_word' id='word_1_36' title='bbox 125 935 170 963; x_wconf 53' lang='grc' dir='ltr'>-ή</span> <span class='ocrx_word' id='word_1_37' title='bbox 187 929 253 963; x_wconf 87' lang='lat'>290</span> <span class='ocrx_word' id='word_1_38' title='bbox 301 935 342 943; x_wconf 85' lang='grc'>-·</span> <span class='ocrx_word' id='word_1_39' title='bbox 390 921 410 953; x_wconf 90' lang='grc'>8</span> <span class='ocrx_word' id='word_1_40' title='bbox 435 931 454 953; x_wconf 87' lang='lat' dir='ltr'>a</span> <span class='ocrx_word' id='word_1_41' title='bbox 480 931 532 963; x_wconf 80' lang='lat' dir='ltr'>pr.</span> <span class='ocrx_word' id='word_1_42' title='bbox 558 919 694 964; x_wconf 80' lang='lat' dir='ltr'><em>arguit.</em></span> <span class='ocrx_word' id='word_1_43' title='bbox 739 917 838 954; x_wconf 87' lang='lat' dir='ltr'>Alm.</span> <span class='ocrx_word' id='word_1_44' title='bbox 865 918 991 963; x_wconf 86' lang='lat' dir='ltr'><em>Camp.</em></span> <span class='ocrx_word' id='word_1_45' title='bbox 1016 924 1160 963; x_wconf 82' lang='lat' dir='ltr'><em>arguet.</em></span> <span class='ocrx_word' id='word_1_46' title='bbox 1231 933 1237 939; x_wconf 51' lang='lat'><em>⁴</em></span> 
     </span>
    </p>

    <p class='ocr_par' dir='ltr' id='par_1_6' title="bbox 128 972 1550 1188">
     <span class='ocr_line' id='line_1_6' title="bbox 128 972 1549 1021; baseline 0 -13"><span class='ocrx_word' id='word_1_47' title='bbox 128 974 251 1021; x_wconf 79' lang='lat'><strong>—517</strong></span> <span class='ocrx_word' id='word_1_48' title='bbox 288 975 317 1017; x_wconf 84' lang='lat'>§.</span> <span class='ocrx_word' id='word_1_49' title='bbox 343 975 398 1019; x_wconf 84' lang='lat'>47.</span> <span class='ocrx_word' id='word_1_50' title='bbox 434 976 513 1009; x_wconf 90' lang='lat' dir='ltr'>dele</span> <span class='ocrx_word' id='word_1_51' title='bbox 546 983 669 1009; x_wconf 85' lang='lat' dir='ltr'>notam</span> <span class='ocrx_word' id='word_1_52' title='bbox 704 985 833 1009; x_wconf 84' lang='lat' dir='ltr'><em>meam.</em></span> <span class='ocrx_word' id='word_1_53' title='bbox 881 974 975 1008; x_wconf 85' lang='lat' dir='ltr'>Nam</span> <span class='ocrx_word' id='word_1_54' title='bbox 999 986 1093 1008; x_wconf 75' lang='lat' dir='ltr'><em>sana-</em></span> <span class='ocrx_word' id='word_1_55' title='bbox 1108 975 1248 1014; x_wconf 84' lang='lat' dir='ltr'><strong>omnia,</strong></span> <span class='ocrx_word' id='word_1_56' title='bbox 1285 972 1467 1019; x_wconf 66' lang='lat' dir='ltr'>traxitque</span> <span class='ocrx_word' id='word_1_57' title='bbox 1489 984 1549 1008; x_wconf 88' lang='lat' dir='ltr'>me</span> 
     </span>
     <span class='ocr_line' id='line_1_7' title="bbox 449 1030 1550 1077; baseline 0.001 -13"><span class='ocrx_word' id='word_1_58' title='bbox 449 1034 488 1064; x_wconf 86' lang='lat' dir='ltr'>iu</span> <span class='ocrx_word' id='word_1_59' title='bbox 525 1042 684 1066; x_wconf 83' lang='lat' dir='ltr'>errorem</span> <span class='ocrx_word' id='word_1_60' title='bbox 716 1030 917 1077; x_wconf 84' lang='lat' dir='ltr'>Spaldiugii</span> <span class='ocrx_word' id='word_1_61' title='bbox 948 1030 1140 1066; x_wconf 77' lang='lat' dir='ltr'><strong>dubitatio.</strong></span> <span class='ocrx_word' id='word_1_62' title='bbox 1183 1030 1466 1076; x_wconf 76' lang='lat' dir='ltr'>Intelligendum</span> <span class='ocrx_word' id='word_1_63' title='bbox 1497 1039 1550 1065; x_wconf 71' lang='lat' dir='ltr'>est</span> 
     </span>
     <span class='ocr_line' id='line_1_8' title="bbox 450 1087 1548 1134; baseline -0.001 -12"><span class='ocrx_word' id='word_1_64' title='bbox 450 1088 495 1122; x_wconf 88' lang='lat' dir='ltr'>de</span> <span class='ocrx_word' id='word_1_65' title='bbox 518 1089 722 1123; x_wconf 85' lang='lat' dir='ltr'>communi:</span> <span class='ocrx_word' id='word_1_66' title='bbox 751 1096 788 1122; x_wconf 85' lang='lat' dir='ltr'>et</span> <span class='ocrx_word' id='word_1_67' title='bbox 809 1088 910 1134; x_wconf 83' lang='lat' dir='ltr'><strong>quod</strong></span> <span class='ocrx_word' id='word_1_68' title='bbox 932 1088 1148 1133; x_wconf 77' lang='lat' dir='ltr'>corpulento</span> <span class='ocrx_word' id='word_1_69' title='bbox 1163 1088 1337 1133; x_wconf 80' lang='lat' dir='ltr'>litigatori</span> <span class='ocrx_word' id='word_1_70' title='bbox 1352 1087 1548 1132; x_wconf 83' lang='lat' dir='ltr'><strong>aliquando</strong></span> 
     </span>
     <span class='ocr_line' id='line_1_9' title="bbox 451 1145 759 1188; baseline 0 -11"><span class='ocrx_word' id='word_1_71' title='bbox 451 1151 625 1188; x_wconf 81' lang='lat' dir='ltr'>patronus</span> <span class='ocrx_word' id='word_1_72' title='bbox 652 1145 759 1178; x_wconf 78' lang='lat' dir='ltr'>dixit.</span> 
     </span>
    </p>

    <p class='ocr_par' dir='ltr' id='par_1_7' title="bbox 125 1199 1185 1245">
     <span class='ocr_line' id='line_1_10' title="bbox 125 1199 1185 1245; baseline 0.002 -12"><span class='ocrx_word' id='word_1_73' title='bbox 125 1217 169 1225; x_wconf 95' lang='lat'>—</span> <span class='ocrx_word' id='word_1_74' title='bbox 195 1200 257 1235; x_wconf 84' lang='lat'>341</span> <span class='ocrx_word' id='word_1_75' title='bbox 287 1211 377 1234; x_wconf 84' lang='lat' dir='ltr'><em>vers.</em></span> <span class='ocrx_word' id='word_1_76' title='bbox 402 1200 424 1234; x_wconf 84' lang='lat'>8</span> <span class='ocrx_word' id='word_1_77' title='bbox 446 1213 465 1234; x_wconf 86' lang='lat' dir='ltr'>a</span> <span class='ocrx_word' id='word_1_78' title='bbox 488 1212 541 1245; x_wconf 83' lang='lat' dir='ltr'>pr.</span> <span class='ocrx_word' id='word_1_79' title='bbox 565 1201 646 1244; x_wconf 83' lang='lat' dir='ltr'>lege</span> <span class='ocrx_word' id='word_1_80' title='bbox 670 1213 689 1234; x_wconf 89' lang='lat' dir='ltr'><strong><em>e</em></strong></span> <span class='ocrx_word' id='word_1_81' title='bbox 703 1201 791 1245; x_wconf 90' lang='lat' dir='ltr'><strong><em>fico.</em></strong></span> <span class='ocrx_word' id='word_1_82' title='bbox 816 1199 921 1235; x_wconf 85' lang='lat' dir='ltr'>Amb.</span> <span class='ocrx_word' id='word_1_83' title='bbox 948 1212 1015 1245; x_wconf 87' lang='lat' dir='ltr'>pro</span> <span class='ocrx_word' id='word_1_84' title='bbox 1039 1212 1082 1234; x_wconf 83' lang='lat' dir='ltr'>ex</span> <span class='ocrx_word' id='word_1_85' title='bbox 1097 1200 1185 1245; x_wconf 87' lang='lat' dir='ltr'><em>fico.</em></span> 
     </span>
    </p>

    <p class='ocr_par' dir='ltr' id='par_1_8' title="bbox 125 1255 920 1301">
     <span class='ocr_line' id='line_1_11' title="bbox 125 1255 920 1301; baseline 0 -10"><span class='ocrx_word' id='word_1_86' title='bbox 125 1275 170 1284; x_wconf 91' lang='lat'>—</span> <span class='ocrx_word' id='word_1_87' title='bbox 193 1256 260 1292; x_wconf 81' lang='grc'>544</span> <span class='ocrx_word' id='word_1_88' title='bbox 307 1273 352 1280; x_wconf 90' lang='grc'><strong>-</strong></span> <span class='ocrx_word' id='word_1_89' title='bbox 380 1256 419 1289; x_wconf 81' lang='lat'>15</span> <span class='ocrx_word' id='word_1_90' title='bbox 445 1256 490 1290; x_wconf 85' lang='lat' dir='ltr'>ab</span> <span class='ocrx_word' id='word_1_91' title='bbox 514 1258 589 1291; x_wconf 88' lang='lat' dir='ltr'>imo</span> <span class='ocrx_word' id='word_1_92' title='bbox 613 1257 693 1301; x_wconf 83' lang='lat' dir='ltr'>lege</span> <span class='ocrx_word' id='word_1_93' title='bbox 717 1269 789 1289; x_wconf 87' lang='lat' dir='ltr'>non</span> <span class='ocrx_word' id='word_1_94' title='bbox 814 1269 847 1300; x_wconf 81' lang='lat' dir='ltr'>p.</span> <span class='ocrx_word' id='word_1_95' title='bbox 872 1255 920 1291; x_wconf 87' lang='lat' dir='ltr'>in.</span> 
     </span>
    </p>

    <p class='ocr_par' dir='ltr' id='par_1_9' title="bbox 126 1309 1415 1358">
     <span class='ocr_line' id='line_1_12' title="bbox 126 1309 1415 1358; baseline 0.001 -11"><span class='ocrx_word' id='word_1_96' title='bbox 126 1330 170 1337; x_wconf 94' lang='lat'>—-</span> <span class='ocrx_word' id='word_1_97' title='bbox 192 1314 260 1357; x_wconf 79' lang='lat'>574</span> <span class='ocrx_word' id='word_1_98' title='bbox 305 1330 348 1337; x_wconf 91' lang='lat'>—-</span> <span class='ocrx_word' id='word_1_99' title='bbox 376 1313 417 1347; x_wconf 79' lang='lat'>14</span> <span class='ocrx_word' id='word_1_100' title='bbox 439 1324 460 1346; x_wconf 84' lang='lat' dir='ltr'>a</span> <span class='ocrx_word' id='word_1_101' title='bbox 484 1324 538 1356; x_wconf 84' lang='lat' dir='ltr'>pr.</span> <span class='ocrx_word' id='word_1_102' title='bbox 562 1313 642 1358; x_wconf 78' lang='lat' dir='ltr'>lege</span> <span class='ocrx_word' id='word_1_103' title='bbox 665 1310 999 1349; x_wconf 86' lang='lat' dir='ltr'><strong>COGNATIONE</strong></span> <span class='ocrx_word' id='word_1_104' title='bbox 1029 1323 1063 1357; x_wconf 75' lang='lat' dir='ltr'>p.</span> <span class='ocrx_word' id='word_1_105' title='bbox 1087 1309 1415 1348; x_wconf 86' lang='lat' dir='ltr'>COGNlTIONE.</span> 
     </span>
    </p>

    <p class='ocr_par' dir='ltr' id='par_1_10' title="bbox 126 1368 1256 1414">
     <span class='ocr_line' id='line_1_13' title="bbox 126 1368 1256 1414; baseline -0.001 -13"><span class='ocrx_word' id='word_1_106' title='bbox 126 1388 170 1396; x_wconf 92' lang='lat'>—</span> <span class='ocrx_word' id='word_1_107' title='bbox 194 1368 263 1403; x_wconf 82' lang='lat'>404</span> <span class='ocrx_word' id='word_1_108' title='bbox 310 1389 353 1395; x_wconf 88' lang='lat'>-—</span> <span class='ocrx_word' id='word_1_109' title='bbox 403 1380 418 1402; x_wconf 91' lang='lat'>1</span> <span class='ocrx_word' id='word_1_110' title='bbox 452 1370 531 1414; x_wconf 82' lang='lat' dir='ltr'>lege</span> <span class='ocrx_word' id='word_1_111' title='bbox 556 1370 743 1403; x_wconf 81' lang='lat' dir='ltr'><em>molossum</em></span> <span class='ocrx_word' id='word_1_112' title='bbox 768 1380 803 1413; x_wconf 84' lang='lat' dir='ltr'>p,</span> <span class='ocrx_word' id='word_1_113' title='bbox 828 1368 1016 1402; x_wconf 80' lang='lat' dir='ltr'><em>molosson.</em></span> <span class='ocrx_word' id='word_1_114' title='bbox 1254 1398 1256 1400; x_wconf 83' lang='lat'><em>.</em></span> 
     </span>
    </p>

    <p class='ocr_par' dir='ltr' id='par_1_11' title="bbox 126 1423 982 1461">
     <span class='ocr_line' id='line_1_14' title="bbox 126 1423 982 1461; baseline -0.006 1"><span class='ocrx_word' id='word_1_115' title='bbox 126 1441 171 1450; x_wconf 88' lang='lat'>—</span> <span class='ocrx_word' id='word_1_116' title='bbox 195 1425 272 1461; x_wconf 80' lang='lat' dir='ltr'>ead.</span> <span class='ocrx_word' id='word_1_117' title='bbox 313 1442 355 1450; x_wconf 92' lang='lat'>—</span> <span class='ocrx_word' id='word_1_118' title='bbox 383 1424 425 1461; x_wconf 76' lang='lat'>13</span> <span class='ocrx_word' id='word_1_119' title='bbox 448 1425 491 1460; x_wconf 82' lang='lat' dir='ltr'>ab</span> <span class='ocrx_word' id='word_1_120' title='bbox 515 1428 590 1459; x_wconf 87' lang='lat' dir='ltr'>imo</span> <span class='ocrx_word' id='word_1_121' title='bbox 613 1425 693 1461; x_wconf 89' lang='lat' dir='ltr'>dele</span> <span class='ocrx_word' id='word_1_122' title='bbox 719 1431 754 1458; x_wconf 81' lang='lat' dir='ltr'>et</span> <span class='ocrx_word' id='word_1_123' title='bbox 778 1431 857 1458; x_wconf 77' lang='lat' dir='ltr'><strong>ante</strong></span> <span class='ocrx_word' id='word_1_124' title='bbox 881 1423 982 1457; x_wconf 82' lang='lat' dir='ltr'><em>cibis.</em></span> 
     </span>
    </p>
   </div>
  </div>
 </body>
</html>
