1695 2974
1395 138 1546 177 XXVII

105 261 227 298 sura,
275 244 449 301 abjiciat
475 241 584 284 falsa
612 250 656 283 et
687 254 790 282 mox
816 240 927 281 inter
956 237 1106 281 ultima
1134 238 1431 295 impedimenta
1459 240 1549 281 edi-

103 328 266 368 tionum
293 321 562 367 removenda.
620 318 802 370 Qualem
830 319 911 362 Ed.
937 316 1194 361 Bonnellum
1222 332 1307 359 non
1334 332 1548 374 speramus

103 404 222 455 fore,
274 402 352 445 sed
387 398 638 443 confidimus
678 409 719 440 et
760 413 854 442 esse
893 399 1184 455 cognovimus.
1242 396 1384 453 Itaque
1424 410 1548 439 nemo

103 483 343 525 tarditatem
376 480 516 536 operis
544 479 732 531 incuset,
777 480 869 534 jam
892 493 968 534 per
999 478 1332 533 quinquennium
1359 478 1550 526 extracti,

105 563 183 604 sed
218 574 331 602 nunc
367 558 670 615 propemodum
708 559 762 600 ad
796 555 1042 600 umbilicum
1073 556 1256 597 adducti.
1314 553 1421 597 Nam
1454 569 1549 597 cum

103 642 262 696 optima
307 650 495 695 quaeque
543 637 778 678 diutissime
827 644 1039 687 crescant,
1098 643 1187 677 tum
1233 635 1447 677 rarissima
1487 641 1552 675 est

104 718 180 762 illa
214 719 434 761 hominum
473 714 680 768 felicitas,
723 716 873 772 quibus
914 717 990 757 uni
1024 713 1261 757 litterarum
1302 715 1448 771 generi
1484 727 1550 755 as-

103 799 242 841 sidere
282 797 432 847 liceat,
479 809 558 837 nec
597 793 687 836 fere
728 795 881 852 quibus
921 796 1106 837 maxime
1146 793 1326 837 velimus
1378 802 1419 836 et
1448 807 1552 849 opus

103 880 159 920 sit
190 877 410 932 contingit.

217 1036 304 1078 Sed
333 1049 412 1091 ego
445 1042 665 1089 praeterea
694 1033 775 1074 hoc
804 1032 1012 1075 voluntati
1041 1034 1123 1074 viri
1149 1033 1452 1084 honestissimi,
1482 1035 1552 1089 qui

108 1117 218 1158 hanc
277 1115 506 1156 editionem
559 1114 758 1165 redemit,
821 1114 1005 1154 dandum
1061 1115 1229 1168 putavi,
1292 1121 1339 1155 ut
1392 1121 1553 1154 textum

107 1194 457 1252 Spaldingianum
497 1191 550 1233 ad
590 1191 719 1233 fidem
760 1193 951 1234 codicum
990 1194 1370 1248 manuscriptorum
1406 1206 1554 1234 recens

109 1274 358 1317 collatorum
369 1272 506 1313 denuo
518 1281 710 1313 accurate
724 1273 955 1326 exigerem,
973 1273 1095 1326 eique
1117 1269 1324 1326 singulari
1342 1269 1555 1312 volumine

106 1349 428 1394 describendum
449 1351 670 1391 traderem.
709 1349 951 1391 Verebatur
974 1352 1087 1391 enim
1110 1348 1184 1390 ille
1205 1363 1290 1391 non
1303 1351 1393 1391 sine
1416 1365 1556 1402 causa,

104 1445 159 1473 ne
197 1445 273 1488 pro
311 1444 428 1471 more
467 1429 627 1471 saeculi
666 1432 710 1471 in
747 1444 869 1471 suam
907 1430 1028 1484 quasi
1066 1431 1378 1486 possessionem
1419 1431 1557 1471 statim

107 1524 258 1552 manus
284 1507 448 1550 alienae
466 1508 720 1560 involarent,
751 1515 792 1549 et
810 1510 855 1550 in
880 1524 962 1565 quo
982 1509 1065 1551 sibi
1086 1511 1246 1551 sex-isse
1268 1509 1555 1560 arbitraretur,

109 1588 186 1632 alii
212 1603 395 1632 messem
422 1588 625 1630 facerent.
684 1587 833 1645 Neque
863 1604 948 1631 non
974 1589 1081 1632 mihi
1100 1587 1182 1629 hoc
1202 1589 1423 1631 videbatur
1443 1597 1557 1630 recte

108 1671 293 1721 institui,
321 1678 382 1721 ut,
404 1669 602 1724 quicquid
619 1667 698 1708 hac
720 1681 830 1709 nova
851 1682 953 1709 cura
980 1667 1231 1723 profecisset
1254 1667 1556 1719 Quintilianus,

106 1749 372 1791 manifestius
411 1747 535 1790 fieret
561 1756 603 1788 et
637 1749 683 1789 in
711 1747 833 1790 brevi
858 1758 1084 1803 conspectu
1112 1758 1296 1804 pateret,
1335 1763 1441 1791 neve
1470 1749 1560 1789 diu-

108 1831 192 1871 tius
222 1842 368 1870 eorum
397 1827 562 1879 usibus,
596 1829 667 1882 qui
681 1829 1086 1883 praestantissimam
1104 1838 1295 1870 veterum
1317 1838 1447 1871 artem
1468 1829 1558 1870 sine

113 1909 257 1950 critico
286 1916 487 1964 apparatu
516 1922 771 1964 cognoscere
804 1918 1026 1965 cuperent,
1072 1918 1312 1965 negaretur.

225 2066 346 2108 Haec
365 2069 494 2124 igitur
520 2067 738 2110 hactenus.
799 2067 919 2118 Quae
952 2084 1047 2111 cum
1070 2078 1165 2111 ante
1190 2068 1425 2126 complures
1446 2083 1562 2110 men-

114 2161 183 2191 ses
213 2148 498 2203 scripsissem,
539 2149 640 2189 dum
665 2151 774 2204 typis
801 2148 912 2191 liber
944 2149 1209 2200 describitur,
1241 2150 1405 2191 animus
1435 2148 1562 2190 vehe-

113 2237 276 2270 menter
321 2228 428 2268 ictus
466 2237 530 2269 est
569 2229 775 2270 mortibus
814 2244 983 2281 eorum,
1033 2244 1134 2284 quas
1179 2231 1224 2270 in
1264 2228 1392 2283 hujus
1430 2229 1566 2285 ipsius

113 2308 319 2365 prooemii
338 2308 459 2348 initio
482 2311 822 2361 commemoravi,
855 2309 965 2351 Phil.
987 2308 1234 2351 Buttmanni
1254 2311 1368 2351 senis
1391 2317 1431 2350 et
1448 2308 1563 2350 Frid.

115 2387 296 2429 Sanderi
324 2388 501 2428 vixdum
526 2390 712 2443 juvenis.
772 2387 921 2446 Neque
949 2391 1065 2446 pium
1086 2390 1251 2431 videtur
1274 2388 1488 2430 discedere
1511 2387 1563 2428 ab

115 2466 199 2508 hoc
227 2475 315 2508 toto
344 2465 491 2508 labore
523 2466 836 2521 Quintilianeo,
884 2471 1128 2526 priusquam
1158 2468 1266 2509 bene
1294 2466 1379 2509 illis
1407 2470 1564 2524 precati

115 2548 270 2597 simus,
315 2545 435 2588 Viris
465 2555 507 2587 et
535 2550 887 2605 ingeniosissimis
919 2558 960 2590 et
988 2550 1294 2604 integerrimis,
1356 2557 1396 2588 et
1432 2550 1567 2589 nostri

116 2624 275 2669 laboris
297 2626 397 2669 dum
416 2626 572 2670 licebat
591 2630 733 2681 sociis,
764 2627 887 2672 alteri
918 2628 1019 2671 olim
1050 2631 1266 2686 magistro,
1299 2626 1420 2670 alteri
1441 2628 1566 2671 disci·
