1721 2974
340 160 393 200 ad
424 159 595 211 Quintil.
625 157 758 197 Iusta-t.
790 157 823 201 1.
859 162 893 197 1.
927 158 1200 207 §.18—30.
1445 166 1494 201 13

55 274 166 316 Gibs.
227 276 368 330 optime
395 288 475 313 om.
504 272 614 313 Jens.
646 270 766 312 Tarv.
797 268 897 311 Loc.
932 268 1066 322 Vm,
1108 271 1177 309 alii
1205 272 1336 310 multi.
1392 273 1497 330 pcff.

55 343 192 383 horum
225 345 368 398 optime
396 340 495 382 Tur.
527 340 634 381 Flor.
665 341 815 381 Abnel.
855 336 988 390 Amb.,
1017 343 1054 378 1.
1089 335 1182 392 (hio
1213 347 1350 377 tamen
1380 340 1502 381 habet

54 408 242 465 optimo).
299 408 404 464 perf:
429 409 567 448 honum
588 410 757 447 tractari
777 405 878 448 Obr.
917 405 1035 446 Voss.
1058 410 1096 446 2.
1127 406 1334 458 vulgatam
1353 416 1500 449 tuetur.

167 503 202 554 §.
232 499 300 540 24.
361 499 495 538 statim
523 499 564 536 in
594 499 690 552 ipsis
724 497 814 537 edd.
846 504 938 536 aute
968 493 1082 536 Sich.

170 591 206 641 §.
239 593 308 630 25.
367 587 518 627 turbent
548 585 647 627 Tur.
681 585 803 628 Goth.
833 584 967 628 Guelf.
989 583 1131 639 Camp.
1194 582 1411 639 [Gedoyni
1431 601 1505 626 ex-

54 659 315 710 plicationem
354 654 614 696 antecedentis
652 657 860 695 memoriae
900 657 944 693 in
984 669 1064 708 qua
1095 653 1138 693 h.
1168 656 1198 693 l.
1228 653 1356 693 haesit
1386 652 1506 707 Spal-

55 726 165 779 ding.
195 729 278 779 ipse
307 723 472 780 posthae
501 724 685 777 probavit
716 724 766 762 ad
795 725 865 762 lib.
897 720 957 773 X,
989 726 1031 773 7,
1065 720 1169 773 10.]

167 819 203 868 §.
235 820 303 856 26.
364 824 401 853 ct
429 815 464 852 si
490 811 588 868 quid
614 811 742 853 Amb.
769 815 806 852 1.
867 822 903 850 et
931 809 994 851 vel
1019 814 1059 851 εἰ
1087 811 1186 867 quill
1215 809 1314 851 Tur.
1339 810 1447 852 Flor.

167 906 204 955 §.
247 909 315 946 27.
385 901 556 957 insculpi
594 918 710 957 quam
750 904 892 956 optime
936 900 1044 942 Flor.
1113 905 1297 956 utrinque
1332 905 1507 955 margin.

54 972 191 1013 Turio.
223 974 401 1026 utriquc5
442 985 580 1024 supra,
617 979 664 1010 ut
692 970 864 1020 videtur,
904 971 953 1008 ab
984 969 1126 1009 eadem
1153 985 1280 1009 mauu
1312 973 1509 1025 utrisque,-

53 1038 284 1091 sicBodlej.
306 1038 448 1091 Camp.
469 1037 604 1078 Andr.
688 1037 988 1092 egr-edi⁰potcr·it
1017 1036 1154 1077 Turic.
1184 1036 1292 1079 Flor.
1312 1037 1441 1079 Aan.
1469 1044 1507 1080 1.

57 1106 198 1161 Camp.
286 1123 403 1147 caesa
434 1108 605 1159 vestigia
646 1103 780 1147 Guelf.
823 1104 933 1146 Jens.
965 1104 1087 1146 Tarv.
1119 1104 1226 1144 Ven.
1258 1104 1357 1146 Loc.
1391 1107 1508 1148 codd.

55 1175 181 1216 Palat.
216 1176 311 1215 duo.
386 1173 591 1230 formabit
617 1168 835 1225 αντίοιλῖοες
882 1176 939 1213 ita
969 1171 1092 1214 Goth.
1138 1171 1272 1214 Guelf.
1311 1172 1436 1214 Paris.
1470 1179 1510 1216 1.

55 1242 164 1282 Jeus.
200 1241 323 1282 Tarv.
358 1245 465 1282 Ven.
498 1241 598 1282 ΑΜ.
631 1238 777 1293 Gesn.3
827 1250 981 1281 ceterae
1020 1241 1110 1280 edd.
1129 1241 1339 1295 firmabit,
1389 1245 1512 1283 etiam

59 1309 200 1364 Camp.
233 1310 356 1350 Paris.
377 1316 418 1351 2.
458 1308 566 1349 Flor.
602 1308 699 1360 (cui
729 1311 809 1347 alla
838 1317 997 1348 tantum
1019 1323 1162 1347 manus
1184 1311 1227 1346 ’111
1244 1323 1371 1361 marg.
1395 1311 1514 1349 addi-

40 1379 116 1430 *dit
141 1377 328 1434 formu),
379 1378 414 1417 si
453 1377 548 1416 fides
588 1378 724 1415 silenti
765 1377 947 1415 collatori
985 1374 1123 1415 Turio.
1147 1390 1261 1427 ‘cum
1299 1375 1426 1416 Amb.
1473 1384 1510 1419 1.

59 1444 154 1499 [Cf.
197 1444 495 1485 Butnnannum
532 1446 577 1483 in
616 1445 741 1497 praef.
782 1442 880 1483 Vol.
909 1440 975 1483 IV
1012 1458 1053 1497 p.
1088 1448 1161 1492 10,
1210 1446 1281 1483 ubi
1320 1453 1360 1485 et
1404 1446 1512 1487 hanc

56 1516 294 1567 scripturam
319 1513 507 1569 firmabit
544 1526 684 1552 veram
711 1513 786 1551 sibi
817 1511 968 1562 videri,
1021 1520 1063 1551 et
1091 1514 1212 1551 verba
1243 1528 1364 1566 neque
1392 1524 1515 1553 extra

35 1578 346 1636 'praescriptum
388 1582 535 1636 poterit
585 1579 718 1632 egredi
767 1580 818 1619 ad
862 1579 1124 1633 parenthesin
1163 1580 1439 1634 adjungenda,
1490 1598 1514 1623 a

59 1648 255 1689 Schiltzio
285 1649 514 1688 admonitus
547 1646 793 1699 annotavit]
909 1664 1065 1686 manum
1094 1664 1229 1699 suam‚·
1266 1651 1323 1688 ita
1351 1647 1451 1690 Loc.
1474 1659 1515 1691 et

9 1704 11 1707 Ι
59 1717 150 1757 edd.
188 1725 278 1770 post
315 1715 446 1768 Bad.3
499 1716 644 1770 Camp.
684 1715 794 1756 Jens.
834 1715 956 1756 Tarv.
1000 1715 1108 1756 Ven.
1147 1732 1286 1755 manus
1324 1734 1415 1767 sua,
1467 1727 1515 1759 ut

57 1783 214 1834 Bodlej.
244 1782 344 1823 Tur.
378 1783 474 1840 (1110
503 1799 526 1824 a
554 1799 631 1824 sec.
659 1798 738 1834 1n.‚
790 1798 883 1823 cum
921 1787 1030 1838 prlor
1058 1784 1146 1824 ded.
1178 1800 1336 1824 manum
1364 1785 1512 1841 snam).

57 1869 175 1892 manu.
202 1869 275 1891 sua
302 1855 437 1892 manui
463 1869 550 1908 sup.
586 1850 698 1892 Sioh.

174 1944 213 1994 §.
244 1948 313 1984 28.
372 1943 553 1983 scrihere.
603 1945 731 1997 ipsam
752 1941 906 1982 tardior
933 1940 1062 1983 Aan.
1085 1947 1123 1982 1.
1184 1944 1311 1999 ipsum
1334 1958 1412 1985 om.
1435 1947 1514 1984 ali-

61 2019 161 2066 quot
190 2011 281 2051 edd.
311 2019 479 2051 recentt.
540 2010 634 2064 [De
663 2021 856 2065 potestate
893 2013 1002 2051 vocis
1034 2011 1184 2051 honesti
1217 2013 1266 2051 cf.
1300 2009 1510 2067 Spalding.

63 2080 113 2118 ad
144 2076 224 2129 XI,
257 2083 296 2129 1,
327 2077 429 2129 42]
513 2078 713 2118 intellectu
737 2089 858 2120 caret.
899 2077 1115 2118 intellectus
1144 2078 1277 2118 haeret
1304 2078 1431 2119 Amb.
1456 2086 1512 2133 1.,

63 2155 102 2185 et
133 2145 238 2185 Flor.
272 2161 294 2184 a
322 2161 379 2185 m.
409 2161 486 2185 sec.
529 2144 662 2200 (prior
699 2151 810 2185 enim
845 2149 955 2199 vulg.
988 2145 1137 2200 dedit).
1240 2163 1339 2202 quae
1367 2163 1422 2186 ex
1451 2148 1513 2187 his

63 2212 234 2269 iratzsf‚·
281 2215 337 2251 ila
365 2213 456 2252 edd.
485 2214 580 2252 inde
611 2215 659 2252 ab
690 2211 827 2264 Ald03
868 2230 966 2267 quac·
995 2223 1031 2251 et
1061 2212 1205 2270 transf
1244 2213 1353 2254 Jens.
1386 2214 1509 2257 Tarv-

25 2310 38 2328 2
62 2279 162 2321 Loc.
193 2279 304 2320 Ven.
337 2278 460 2320 Goth.
521 2296 620 2334 quae
649 2278 850 2336 eaetransf
881 2278 999 2320 Voss.
1021 2286 1060 2321 2.
1087 2279 1242 2320 Almel.
1270 2280 1378 2322 Flor.
1411 2282 1508 2323 Tur.

63 2348 184 2400 (huic
213 2356 364 2387 recent.
396 2363 502 2386 man.
526 2349 649 2399 adjec.
669 2345 770 2401 his).
830 2363 885 2386 ex
906 2347 970 2387 his
992 2363 1071 2388 om.
1094 2347 1195 2389 Bad.
1219 2347 1334 2390 Cerv.
1357 2349 1509 2393 Vidov.

63 2415 186 2456 Paris.
220 2420 256 2455 1.
287 2420 327 2456 2.
360 2415 400 2456 4.
439 2414 565 2455 Amb.
600 2419 638 2455 1.
697 2430 752 2454 ex
782 2415 868 2464 his,
918 2432 1017 2470 quae
1044 2426 1080 2455 et
1108 2416 1254 2474 tranq-fl
1282 2416 1396 2460 Sich,

179 2506 217 2556 §.
252 2510 320 2545 30.
381 2504 600 2545 nominibus
626 2513 792 2545 tuentur
817 2508 937 2545 etiam
960 2504 1085 2547 Paris.
1108 2512 1146 2548 1.
1169 2516 1208 2548 et
1225 2513 1265 2549 2.
1295 2523 1373 2548 sec.
1395 2524 1506 2551 man.

65 2572 164 2614 Tur.
195 2572 328 2625 Flor.,
377 2576 469 2614 sort.
499 2572 690 2615 Ambros.
724 2579 761 2615 1.
795 2575 969 2614 omnibus
998 2583 1134 2615 tamen
1162 2576 1256 2616 hab.
1289 2575 1428 2632 Camp.
1469 2587 1509 2620 et

66 2639 207 2681 Pal-Iss-
236 2647 276 2682 2.
303 2641 343 2681 4·
373 2645 413 2683 5.
448 2646 487 2683 6.
