1721 2974
368 152 421 191 ml
453 150 616 204 Quintil.
647 149 782 190 Instii.
815 147 883 201 ῙῙ,
915 153 954 191 5.
988 148 1026 204 §.
1059 155 1140 190 6-
1161 158 1227 193 19.
1470 163 1524 199 83

61 270 167 308 bono
219 267 320 307 libro
367 267 444 316 sit,
499 278 583 304 non
626 272 799 305 notatur.
913 262 1112 318 simulque.
1161 282 1232 318 que
1279 281 1358 309 om.
1398 269 1521 312 Amb.

62 340 102 376 2.
214 351 331 388 semp.
362 332 450 372 (loc.
506 331 596 372 «loc.
627 349 743 385 semp.
783 329 906 371 Amb.
929 335 966 370 1.

175 414 211 466 ς.
247 414 313 452 14.
374 409 529 450 latiore.
591 409 737 449 latoria
767 408 894 450 Amb.
926 413 964 449 1.

176 493 214 541 §.
253 493 320 530 15.
380 504 615 543 quamquam
658 499 758 528 sunt.
829 505 867 542 q.
909 489 986 526 sint
1027 485 1162 529 Guelf.
1200 503 1294 529 cum
1329 486 1438 532 Jens.
1483 500 1523 534 et

60 567 226 612 posterr.
248 566 341 597 ante
366 555 479 598 Sich.
595 557 635 595 in
657 554 768 610 quali
787 554 896 605 loco,
928 565 1108 610 tempore.
1171 558 1197 596 i.
1223 574 1262 610 q.
1298 575 1360 610 re,
1391 569 1522 616 temp„

58 625 149 666 loco
175 624 304 665 Amb.
333 630 369 664 1.
405 626 536 675 bene3
575 626 619 661 in
647 625 758 676 vulg.
799 622 1046 664 desideratur
1076 626 1234 678 copula.
1349 628 1402 665 sit
1431 644 1524 668 usus

56 695 266 747 sapienter.
326 693 379 731 sit
399 707 484 746 sap.
507 707 566 731 us.
597 689 726 732 Amb.
751 695 788 731 1.
820 689 928 731 Flor.

174 771 211 821 §.
246 772 313 811 16.
371 769 443 809 Αη
467 784 575 810 vero.
635 767 698 809 Ita
720 768 970 810 etiam'Flor.
991 771 1114 811 Amb.
1141 775 1180 810 2.
1216 769 1359 826 Camp.
1391 773 1495 816 Obr0
1511 806 1522 826 ‚

57 837 171 878 haud
202 837 323 876 dubie
354 835 483 888 Ainb.
510 840 548 877 1.
667 836 918 878 declamabit.
979 836 1225 877 declamabat
1249 838 1388 881 Tul-Io.
1416 855 1440 881 a
1462 858 1524 896 pr.

59 920 116 945 m.
146 904 253 944 Flor.
287 918 382 943 cum
412 902 525 945 AJm.
641 915 710 944 aut
736 904 941 945 Demosth.
972 908 1096 945 etiam
1117 903 1254 946 Turio.
1275 905 1399 949 Paris.
1424 914 1461 949 1.
1484 914 1524 951 5.

61 970 201 1026 Camp.
224 970 337 1011 sich.
366 970 469 1012 Obr.
499 974 590 1012 fort.
610 970 739 1012 Amb.
763 977 802 1012 1.
919 989 968 1013 ac
995 974 1165 1012 traditur
1183 975 1228 1012 in
1247 972 1369 1015 Paris.
1393 982 1436 1017 2.
1458 979 1526 1016 in-·

59 1048 242 1079 ventum.
361 1041 595 1092 corrigetur.
655 1041 874 1092 corrigitur
895 1042 1019 1079 etiam
1038 1039 1069 1080 F
1072 1044 1145 1080 lor.
1165 1038 1293 1082 Amb.
1318 1047 1356 1083 1.
1379 1042 1523 1100 Camp.

144 1108 307 1161 quisque
329 1121 432 1160 repr.
495 1122 598 1161 repr.
625 1107 754 1161 quisq.
785 1105 915 1147 Aan.
949 1112 988 1148 1.

172 1186 208 1236 §.
242 1189 308 1225 17.
369 1183 439 1223 secl
468 1186 669 1225 neminem.
730 1200 800 1225 nec
830 1187 972 1226 nemin.
1011 1182 1148 1225 Turic-
1179 1184 1288 1227 Flor.
1320 1202 1342 1227 a
1374 1205 1433 1243 pr.
1467 1204 1525 1232 m.

58 1248 171 1292 Alm.
200 1249 338 1292 Guelf.

171 1330 210 1380 §.
245 1335 310 1370 18.
370 1329 450 1371 Hic
478 1344 634 1371 novum
665 1338 786 1385 caput
814 1330 970 1371 orditur
1005 1331 1053 1370 in
1081 1329 1219 1371 Turio.
1255 1329 1384 1374 Amb.
1416 1338 1454 1374 1.
1485 1341 1527 1376 2.

57 1395 168 1438 Flor.
206 1394 332 1440 Goth.
365 1394 502 1438 Guelf.
544 1396 664 1438 Voss.
693 1403 731 1440 1.
754 1402 794 1438 3.
839 1395 964 1438 Bern.
1005 1397 1149 1452 Camp.
1192 1399 1301 1440 Jens.
1344 1409 1385 1440 et
1422 1411 1526 1455 post.

59 1473 152 1504 ante
183 1461 367 1519 Gryph.‚
415 1467 679 1519 inscriptum,
736 1465 816 1517 Qui
846 1467 968 1519 primi
1003 1464 1169 1519 legcncli.
1230 1469 1324 1521 quia
1352 1467 1528 1525 facilior

59 1548 202 1573 eorum.
263 1548 395 1572 eorum
413 1535 544 1573 omitt.
566 1535 693 1573 etiam
712 1531 823 1574 Flor.
840 1531 958 1574 A1m.
980 1531 1108 1574 Amb.
1134 1538 1170 1573 1.
1192 1548 1215 1574 a
1233 1547 1294 1588 pr.
1316 1549 1401 1588 m.;
1444 1552 1524 1578 sec.

56 1614 115 1640 m.
135 1601 233 1641 fecit
254 1602 349 1655 quia
377 1599 499 1654 (nam
517 1603 628 1655 prius
648 1608 734 1641 erat
751 1598 859 1655 qua)
876 1599 1120 1657 faciliores‚·
1147 1604 1265 1642 tertia
1275 1601 1456 1659 facilior
1473 1613 1530 1644 est

56 1681 203 1708 eorum.
303 1678 488 1710 aetatum.
546 1670 736 1709 aetatium
752 1667 893 1709 Turio.
917 1666 1043 1710 Bern.
1106 1668 1168 1710 Cf.
1192 1672 1421 1712 civitatium
1439 1687 1527 1728 cap.

55 1735 99 1788 4,
123 1739 193 1776 33.

170 1815 208 1867 §.
242 1819 309 1856 19.
369 1817 510 1870 major.
566 1813 630 1856 Ita
662 1816 786 1857 etiam
815 1813 955 1857 Turio.
990 1813 1099 1856 Flor.
1119 1812 1247 1856 Amb.
1273 1819 1312 1857 1.
1334 1822 1375 1858 2.
1396 1812 1526 1860 Paris.

58 1885 98 1922 1.
123 1885 164 1921 3.
191 1879 335 1935 Camp.
393 1884 560 1937 majoris
577 1874 599 1923 e
618 1882 743 1925 Paris.
761 1890 803 1925 2.
824 1892 1025 1924 enotatur.
1144 1900 1244 1938 opus·
1258 1884 1323 1925 sit.
1385 1901 1449 1940 op.
1471 1895 1529 1926 est

55 1946 166 1988 Jens.
188 1956 229 1988 et
249 1958 352 2001 post.
379 1959 472 1990 ante
496 1950 627 2002 sich„
657 1966 747 1992 exc.
767 1950 886 2004 AM„
911 1966 1006 1992 cum
1015 1950 1136 1992 Voss.
1158 1955 1197 1992 1.
1213 1956 1253 1993 3.
1316 1949 1399 2006 [In
1417 1955 1525 1994 notis

58 2024 215 2069 exeget.
238 2015 378 2070 Spald.
400 2020 601 2058 nonnulla
615 2019 806 2059 videntur
821 2021 956 2059 minus
973 2028 1080 2059 recte
1104 2021 1285 2074 exposita
1301 2050 1312 2071 ,
1344 2023 1524 2074 primmn

57 2083 170 2139 quod
204 2099 229 2121 α
253 2085 387 2137 pueris
425 2083 494 2124 hic
534 2085 815 2126 adverbialiter
851 2089 979 2139 accipi
1008 2088 1161 2135 voluit,
1210 2089 1326 2142 quasi
1354 2085 1524 2128 Livium

57 2158 279 2205 perpetuo,
324 2165 423 2190 nam
451 2152 497 2190 id
523 2153 628 2192 inest
655 2156 690 2192 si
722 2151 803 2193 ἀπὸ
841 2153 1000 2195 παίδων
1032 2156 1256 2206 intelligas,
1303 2155 1527 2207 legendum

55 2226 196 2272 putete,
221 2218 367 2257 deinde
384 2219 493 2274 quod
516 2230 715 2260 auctorem
727 2219 995 2261 Ciceroniana
1007 2223 1162 2261 ratione
1184 2222 1235 2260 ad
1245 2221 1367 2260 fidem
1384 2234 1521 2261 rerum

56 2286 298 2325 traditarum
318 2288 460 2338 refert,
500 2301 596 2327 cum
615 2284 896 2340 Quintilianus
917 2289 1001 2327 fere
1020 2302 1092 2342 pro
1111 2291 1322 2342 scriptore,
1364 2303 1412 2329 eo
1440 2303 1523 2345 quo

58 2366 133 2393 nos
153 2355 275 2407 vulgo
296 2369 416 2395 sensu
429 2386 440 2407 ‚
469 2363 608 2409 ponat.
666 2353 809 2410 Neque
829 2357 923 2395 satis
945 2370 1088 2395 causae
1107 2356 1225 2396 video
1241 2388 1252 2408 ‚
1292 2372 1363 2396 cur
1385 2365 1525 2398 tanto-³

59 2436 155 2475 pere
187 2422 417 2462 adversetur
444 2420 648 2473 Gesnero,
687 2433 746 2473 et,
781 2424 843 2463 uti
871 2437 1033 2463 necesse
1069 2431 1148 2471 est,
1182 2437 1256 2478 pro
1288 2437 1525 2479 quamquam

60 2489 288 2542 accipienti.
329 2489 468 2531 Etiam
484 2499 678 2531 nostrates
697 2499 867 2532 accentu
886 2491 1022 2531 addito
1043 2489 1122 2529 uncl
1140 2492 1345 2532 interdum
1364 2498 1524 2547 ponunt

60 2570 132 2608 pro
161 2556 240 2595 und
271 2556 413 2612 dock,'
437 2570 473 2599 et
500 2569 651 2612 tamen,
694 2569 735 2601 et
755 2557 933 2601 Romani
955 2561 1164 2613 scriptores
1185 2574 1268 2599 non
1291 2561 1391 2600 adeo
1416 2575 1520 2609 raro,

59 2624 161 2664 sicut
187 2622 326 2665 Cicero
346 2641 419 2681 pro
437 2625 527 2669 Mil.
552 2632 604 2669 33
630 2627 666 2679 §.
691 2632 758 2680 91,
788 2629 834 2667 in
852 2626 972 2668 Verr.
996 2624 1068 2676 ΠΙ,
1093 2631 1117 2666 3
1138 2627 1261 2679 inin]

957 2692 988 2736 F
1020 2702 1045 2736 2
