1721 2974
433 118 486 159 ad
518 116 683 172 Quintil.
715 115 846 159 Instit.
880 115 940 170 X,
972 120 1010 158 1.
1048 116 1085 168 ξ.
1119 117 1318 156 51—-88,
1520 117 1601 159 415

260 233 297 283 §.
332 236 396 273 66.
459 234 667 288 [primum.
719 230 881 284 Corrige
898 231 1071 285 primns,
1112 231 1214 271 sicut
1233 231 1326 268 libri
1347 229 1444 269 editi
1466 244 1603 271 omnes

145 300 337 354 habent.]

260 372 296 422 §.
331 374 397 410 68.
458 379 494 407 et
516 371 557 407 in
577 385 691 408 scr-m.
734 366 825 408 Par.
849 372 887 407 1.
914 381 994 407 om.
1018 367 1071 405 in.
1130 363 1221 405 Par.
1245 370 1285 405 2.
1309 379 1388 404 om.
1412 375 1447 404 et
1466 368 1520 405 in.

145 437 250 491 quod
269 440 343 492 ips,
381 437 472 478 Par.
500 441 536 476 1.
563 442 601 476 2.
630 452 705 490 quo
727 438 754 475 i.

258 507 294 556 §.
328 510 393 546 69.
453 503 514 544 H.
546 515 582 543 et
608 504 841 544 admiratus.
882 502 972 543 Par.
997 508 1037 544 2.
1062 517 1138 542 sec.
1159 515 1215 540 m.
1238 515 1318 541 0111.
1342 509 1392 540 et.
1450 498 1540 541 Par.
1568 505 1605 541 1.

145 583 181 611 et
203 572 470 613 admirandus.
559 582 594 611 et
614 583 733 611 secut.
773 572 864 612 Par.
894 576 931 612 1.
959 577 999 612 2.
1029 574 1150 610 inser.
1173 586 1270 609 eum.

258 643 294 694 ᾧ.
325 646 393 681 70.
448 651 604 695 putant.
645 639 713 680 Sic
733 640 824 680 Par.
851 644 887 679 1.
913 645 952 680 2.
1016 639 1197 692 [Locroe
1214 637 1472 677 scribendum
1490 638 1606 678 vide-

143 717 231 760 tur,
271 712 374 748 sicut
406 710 514 762 apud
544 707 781 748 Ciceronem
810 711 855 746 in
885 707 1005 747 Verr.
1034 705 1112 754 IV,
1153 711 1177 746 3
1232 704 1494 760 Canephoroe.
1541 704 1603 747 Cf.

143 785 299 830 praeter
318 774 438 817 Conr.
460 775 701 817 Schneideri
723 774 903 816 Gralmn.
923 773 1015 815 Lat.
1038 791 1079 829 p.
1106 780 1158 815 82
1180 777 1340 814 alterius
1365 772 1606 814 Schneideri

144 843 320 884 Saxonis
342 854 479 885 annot.
504 846 555 884 ad
577 839 815 886 Vitruviuni
831 842 908 892 IV,
925 848 960 895 1,
981 849 1006 884 2
1028 853 1066 883 et
1087 840 1165 894 IV,
1179 848 1217 894 8,
1233 848 1253 882 1
1279 852 1319 882 et
1338 841 1606 896 Oudendorp.

143 913 194 951 ad
211 911 368 953 Lucan.
384 911 460 965 ΠΙ,
484 914 603 966 180.]

257 984 292 1031 §.
324 973 394 1021 7’1.
456 981 587 1022 decor.
631 980 699 1022 Sic
720 980 811 1021 Par.
836 985 874 1020 1.
901 986 940 1021 2.

255 1052 291 1099 ξ.
324 1055 392 1090 72.
453 1060 495 1089 ut
511 1051 666 1104 pravis.
706 1048 774 1089 Sic
793 1048 885 1089 Par.
913 1053 953 1088 3.
1000 1058 1042 1086 ut
1059 1063 1183 1102 prave
1212 1045 1303 1088 Par.
1329 1052 1370 1088 2.
1430 1049 1608 1102 quamvis

139 1132 264 1171 prave
283 1117 376 1159 Par.
401 1122 440 1157 1.
517 1129 670 1163 tamen.
712 1116 782 1157 Sic
801 1116 892 1157 Par.
918 1121 956 1157 1.
978 1123 1019 1158 2.

253 1187 289 1238 §.
321 1190 391 1226 73.
438 1185 579 1242 fizsus.
620 1185 710 1226 Par.
735 1192 774 1226 1.
797 1191 837 1226 2.
860 1185 1021 1240 effusus-

254 1256 291 1307 ᾖ.
325 1255 394 1295 74.
457 1257 673 1294 eximatur.
721 1253 790 1294 Sic
821 1252 913 1294 Par.
939 1260 979 1294 2.
1001 1269 1078 1294 sec.
1101 1268 1156 1293 m.
1179 1255 1435 1293 existimatur
1452 1251 1542 1293 Par.
1569 1257 1606 1292 1.

256 1323 293 1372 §.
328 1326 396 1364 75.
459 1322 533 1362 hoc
555 1333 611 1361 est
637 1323 712 1362 vel.
760 1322 851 1362 Par.
881 1328 918 1362 1.
949 1328 988 1362 2.
1015 1322 1079 1362 vel
1096 1322 1185 1362 hoc.

253 1394 291 1443 §.
321 1395 391 1431 76.
449 1401 491 1430 ut
515 1407 614 1431 cum.
669 1389 737 1430 Sic
768 1388 859 1430 Par.
886 1394 923 1428 1.
949 1396 986 1425 2.

253 1463 290 1511 §.
322 1463 392 1500 79.
453 1468 722 1514 compararat.
763 1452 831 1493 Sic
852 1451 944 1492 Par.
970 1458 1012 1493 2.
1072 1463 1279 1507 comparat
1297 1452 1389 1495 Par.
1417 1460 1456 1496 1.

253 1528 289 1578 ᾖ.
323 1532 390 1567 81.
450 1528 611 1566 oraculo
629 1523 848 1560 instinctus.
888 1518 1076 1574 [Geelius
1098 1523 1142 1559 in
1160 1523 1262 1561 libro
1284 1524 1449 1563 laudato
1470 1540 1509 1578 p.
1525 1529 1607 1567 278

139 1597 291 1635 mirum
322 1597 399 1633 sibi
427 1594 556 1631 videri
587 1593 667 1641 ait,
717 1590 828 1644 quod
866 1590 1036 1629 editores
1067 1592 1308 1629 recentiores
1341 1606 1394 1631 ex
1422 1593 1608 1632 codicum

138 1663 313 1714 vestigiis
344 1674 429 1699 non
461 1660 741 1698 intellexerint
768 1656 931 1697 oraculo
963 1655 1046 1694 clei
1080 1658 1286 1696 instinctus
1319 1674 1401 1699 esse
1429 1664 1608 1701 scriben-

141 1730 251 1769 dum.
311 1727 408 1767 Esse
427 1730 538 1767 enim
561 1730 684 1767 etiam
702 1729 746 1765 in
766 1724 886 1765 Leid.
908 1723 964 1765 A.
989 1723 1152 1764 oraculo
1174 1724 1237 1764 dei
1258 1727 1485 1769 instructus.
1490 1731 1510 1782 J

251 1798 287 1849 ς.
320 1801 389 1837 82.
449 1795 562 1835 illam
579 1793 736 1848 jucund.
778 1793 846 1835 Sic
870 1793 961 1834 Par.
988 1797 1025 1832 1.
1040 1798 1081 1834 2.
1139 1809 1254 1833 serm.
1269 1795 1383 1849 finx.
1411 1795 1482 1839 Gr.
1513 1797 1606 1839 Par.

141 1870 180 1906 1.
204 1871 243 1907 2.
275 1882 308 1904 s,
335 1862 406 1903 Gr.
418 1855 485 1920 f.

255 1937 291 1987 §.
324 1933 393 1973 84.
455 1932 659 1987 afficiant.
703 1929 770 1971 Sic
800 1930 891 1972 Par.
918 1936 955 1970 1.
1017 1913 1305 1986 affectaverunt
1323 1930 1416 1975 Par.
1450 1939 1493 1976 2.

255 2003 291 2054 §.
324 2004 393 2042 85.
452 2011 574 2040 nostr.
597 1998 716 2039 ἧαιιᾶ.
761 1997 828 2039 Sic
849 1997 940 2038 Par.
965 2003 1003 2038 1.
1027 2005 1068 2040 2.
1534 2054 1537 2057 Ι

257 2071 294 2120 §.
327 2074 395 2110 86.
455 2071 611 2124 excepi.
648 2067 742 2108 Par.
767 2072 806 2107 1.
829 2072 869 2108 2.
893 2069 1044 2122 accepi.
1131 2078 1248 2123 atque
1266 2068 1496 2110 immortali.
1537 2069 1606 2111 Sic

140 2138 232 2180 Par.
265 2143 304 2178 1.
366 2148 449 2192 atq.
481 2136 638 2176 (livinae
671 2135 762 2176 Par.
793 2141 834 2177 2.
932 2145 1129 2190 quantum.
1170 2136 1237 2177 Sic
1254 2136 1346 2178 Par.
1366 2145 1407 2179 2.
1460 2150 1606 2194 quanto

140 2206 228 2263 plus
257 2205 350 2247 Par.
381 2211 418 2246 1.
511 2205 775 2244 eminentibus.
817 2202 885 2244 Sic
903 2202 994 2244 Par.
1023 2209 1059 2244 1.
1111 2206 1424 2246 eminentioribus
1445 2206 1537 2248 Par.
1561 2213 1603 2249 2.

255 2275 290 2328 §.
323 2279 390 2315 87.
450 2284 670 2330 sequentur.
719 2272 788 2313 Sic
814 2270 908 2313 Par.
937 2277 979 2314 2.
1038 2284 1249 2328 sequuntur
1282 2273 1376 2316 Par.
1417 2280 1455 2316 1.
1496 2276 1607 2331 quod

143 2340 258 2384 alteri
275 2346 552 2397 praetulerim.

259 2415 295 2463 §.
326 2417 392 2453 88.
453 2411 508 2452 ad
526 2411 622 2463 hoc,
665 2409 712 2448 de
735 2425 826 2464 quo.
864 2408 958 2451 Par.
990 2414 1028 2450 1.
1053 2415 1092 2450 2.
1114 2409 1168 2450 acl
1188 2410 1290 2451 lianc
1310 2409 1358 2450 cle
1379 2427 1471 2466 qua.
1532 2411 1607 2462 [In

144 2479 277 2530 herois
306 2482 587 2535 reponendmn
612 2482 698 2532 jure
727 2482 882 2519 censuit
912 2477 1077 2532 Sarpius
1109 2476 1280 2529 Quaest.
1312 2494 1354 2532 p.
1381 2483 1455 2530 55,
1500 2496 1605 2536 quae

144 2558 400 2602 opponantur
428 2552 572 2604 elegis,
610 2551 713 2588 sicut
742 2547 850 2601 apud
878 2544 1109 2586 Martialem
1134 2544 1209 2598 ΠΙ,
1241 2553 1318 2597 20,
1354 2551 1378 2586 6
1407 2547 1603 2590 Lascivus

144 2615 284 2671 elegis,
335 2634 387 2658 an
423 2634 575 2658 severus
611 2616 753 2658 herois.
833 2614 886 2656 Et
925 2614 1084 2655 heroum
1125 2616 1291 2671 quidem
1331 2616 1478 2670 pedem
1516 2619 1600 2671 ipse
