1721 2974
123 174 201 210 178
642 163 914 220 Supplcmcnta
944 165 1207 202 annotationis

122 283 334 336 scripserit.
448 277 508 320 Ita
541 277 649 319 Flor.
681 276 806 317 Amb.
832 280 870 315 1.
901 275 991 316 Par.
1024 281 1061 316 1.
1095 281 1133 316 2.
1169 280 1206 316 3.
1263 279 1566 332 praescripseris

121 350 245 390 Aan.
266 355 306 390 2.
357 349 665 403 praescripserat
694 344 819 383 Amb.
849 349 889 384 2.

237 419 274 468 §.
308 422 374 457 33.
420 412 701 470 quia—facit.
755 410 1080 467 quac-——fizciunt
1111 409 1233 452 Goth.
1264 425 1358 449 cum
1388 410 1497 450 Jens.
1529 419 1568 450 et

122 487 213 525 edd.
244 494 334 524 aute
367 483 520 532 Stoma,
552 496 638 519 exc.
671 478 783 518 Sich.
900 495 1066 532 magna,
1108 490 1246 518 aiv-oar.
1306 476 1476 517 Invertit
1502 492 1569 516 or-

122 556 258 593 dinem
286 552 424 603 Cflmp.
527 558 711 586 attentum
737 563 896 601 quoque.
952 563 1102 602 quoque
1132 550 1260 590 omitt.
1292 545 1428 584 Turio.
1456 542 1568 584 Alm.

121 621 247 661 Amb.
287 624 323 658 1.
358 624 396 658 2.
440 615 558 655 Voss.
591 620 628 654 2.
662 618 701 654 3.
742 629 835 653 cum
867 615 957 655 edd.
988 624 1079 654 ante
1115 614 1273 663 Colin.‚
1305 629 1392 652 exc.
1429 610 1569 664 Ctunp.

121 688 223 728 Bad.
267 686 419 726 Cervic.
547 680 756 722 credemus.
817 682 1008 722 credimus
1045 681 1183 722 Turio.
1223 681 1331 721 Flor.
1370 680 1496 720 Amb.
1532 685 1584 719 1.’

123 754 246 796 Goth.
279 762 316 791 et
348 751 438 790 edd.
471 759 562 789 ante
593 749 748 800 Smer„
782 765 868 789 exc.
901 748 1040 803 Camp.
1072 749 1184 789 Sich.

236 823 270 871 §.
303 820 369 859 34.
423 833 747 872 neque—neque.
800 834 1012 856 ncc———nec
1044 815 1167 857 Goth.
1199 816 1308 856 Jens.
1342 824 1380 854 et
1401 823 1570 867 posterr-

122 900 213 929 ante
244 887 355 928 Sioh.
474 885 730 924 indicarimus
760 885 857 925 dant
889 888 1009 924 etiam
1038 884 1146 924 Flor.
1174 900 1196 923 a
1215 900 1275 937 pr.
1295 899 1350 923 m.
1381 882 1506 922 Amb.
1529 888 1570 922 2.

232 958 267 1008 §.
302 959 368 994 35.
428 956 539 992 istius
569 956 638 993 rei.
698 955 732 991 is
754 955 832 1007 ejus
861 955 917 992 rei
945 952 1071 992 Aan.
1095 957 1132 992 1.
1240 951 1417 1006 quidque.
1464 966 1572 1003 quo-

121 1040 190 1078 que
224 1022 359 1062 Turio.
392 1020 498 1061 Flor.
532 1020 592 1073 (hi
613 1030 814 1073 praeterea
834 1024 892 1060 sic
913 1036 937 1059 a
955 1036 1014 1073 pr.
1035 1019 1109 1073 m.)
1142 1017 1252 1059 Alm.
1286 1017 1422 1060 Guelf.
1443 1017 1571 1057 Ajnb.

121 1097 161 1132 2.
201 1089 321 1129 Voss.
362 1094 398 1129 1.
435 1094 474 1129 3.
508 1087 632 1128 Bern.
760 1089 935 1128 cliclurns
969 1091 1034 1127 sit.
1106 1105 1139 1128 s.
1175 1088 1270 1127 (lici.¹
1312 1085 1436 1127 Goth.
1479 1099 1572 1124 cum

123 1159 213 1197 edd.
248 1166 344 1196 ante
376 1156 524 1208 Golia,
557 1171 646 1196 exc.
680 1154 821 1209 Camp.
853 1155 973 1196 Tarv.
1005 1153 1122 1205 Ald„
1221 1154 1409 1194 ostendat.
1464 1153 1572 1192 Hinc

120 1229 266 1265 lacuna
294 1228 338 1264 in
368 1223 494 1265 Aan.
512 1229 552 1264 2.
583 1239 708 1278 usque
739 1225 790 1263 ad
818 1227 940 1264 verba
969 1223 1119 1262 Verum
1148 1238 1202 1261 eoe
1232 1223 1305 1274 his,
1338 1225 1372 1275 §.
1393 1226 1459 1262 39.

119 1296 243 1348 possit
275 1310 334 1347 ap.
358 1303 456 1332 orat.
519 1310 581 1346 ap.
608 1308 662 1332 or.
692 1310 731 1347 p.
763 1290 886 1332 Goth.
919 1307 1012 1331 culn
1042 1287 1132 1331 edd.
1167 1300 1258 1330 ante
1289 1288 1461 1344 Gryph.‚
1484 1297 1571 1330 exc.

122 1360 261 1412 Camp.
328 1362 457 1414 possis
496 1358 634 1400 Turio.
677 1376 700 1399 a
727 1376 786 1413 pr.
817 1375 872 1399 m.
995 1375 1068 1413 pro
1098 1359 1155 1399 A.
1218 1358 1302 1399 Clu.
1367 1358 1576 1400 Omittunt

121 1428 177 1467 A.
210 1431 329 1466 etiam
359 1427 467 1467 Flor.
498 1443 521 1466 a
548 1443 626 1468 sec.
658 1443 715 1468 m.
745 1428 837 1468 Par.
874 1433 910 1467 1.
943 1433 981 1468 2.
1014 1427 1179 1481 Camp.‚
1211 1431 1386 1467 retinent
1412 1426 1519 1466 Flor.
1552 1440 1574 1464 a

120 1511 180 1548 pr.
210 1510 266 1535 111.
309 1494 401 1534 Par.
435 1500 474 1534 5.

234 1562 271 1612 ξ.
305 1566 371 1600 36.
436 1561 533 1600 mihi
565 1563 649 1600 niti.
705 1562 802 1601 mihi
831 1563 946 1601 inniti
974 1560 1100 1601 Amb.
1129 1568 1167 1602 1.
1285 1561 1519 1618 diffidenicr.

121 1627 334 1684 difficulter
369 1627 495 1668 Aan.
529 1634 567 1669 1.
694 1640 748 1668 cst
785 1630 896 1669 hacc.
959 1629 1055 1668 haec
1087 1640 1143 1668 est
1180 1628 1290 1669 Jens.
1333 1639 1373 1670 et
1409 1624 1574 1684 posterr.

123 1705 213 1735 ante
246 1693 427 1749 G1·yph.,
457 1699 572 1735 nullo
605 1697 690 1736 cod.
721 1698 953 1748 addicente,
982 1699 1060 1736 nisi
1089 1697 1200 1751 quod
1229 1696 1349 1737 Voss.
1383 1703 1424 1739 2.
1456 1702 1578 1738 omit-

121 1765 171 1803 tit
200 1773 266 1802 cst.

237 1831 275 1879 §.
309 1834 377 1870 37.
437 1832 639 1885 contingit.
695 1834 859 1885 contigit
885 1831 994 1873 Flor.

236 1898 272 1948 §.
315 1902 382 1937 38.
451 1897 540 1938 doc.
582 1909 616 1937 et
657 1910 855 1939 attentum.
921 1900 960 1940 cl.
1009 1917 1040 1940 e.
1081 1903 1266 1939 intentum
1303 1902 1429 1939 etiam
1467 1899 1577 1942 Flor.

124 1963 248 2003 Amb.
278 1968 315 2003 1.
347 1963 438 2005 Par.
472 1971 514 2006 2.
548 1969 588 2007 5.
650 1965 807 2019 [Antea
836 1969 967 2006 fuerat
995 1967 1143 2023 facere
1174 1978 1360 2006 attentum
1388 1985 1438 2008 ac
1467 1967 1581 2008 cloci-

127 2030 220 2079 lem,
250 2031 322 2070 sed
351 2035 505 2071 variare
535 2036 756 2073 orationem
787 2037 997 2084 convenit,
1039 2044 1080 2074 et
1109 2050 1194 2087 cap.
1225 2040 1266 2085 2,
1301 2035 1356 2075 24
1387 2035 1578 2087 docilior,

125 2099 307 2137 intentior
327 2100 616 2152 conjungitur]
720 2101 826 2151 Quid
854 2101 980 2154 ergo?
1009 2101 1121 2140 Imm.
1180 2112 1236 2140 est
1255 2105 1438 2141 inserunt
1459 2105 1580 2141 etiam

126 2163 234 2204 Flor.
273 2164 400 2205 Aan.
436 2172 475 2206 1.
592 2167 792 2209 elevanda.
855 2169 1020 2208 levanda
1058 2169 1149 2209 Par.
1184 2174 1221 2209 1.
1254 2175 1294 2210 2.
1326 2168 1437 2210 Sich.
1497 2169 1581 2209 lae-

126 2231 258 2270 vancla
296 2231 422 2273 Amb.
457 2239 495 2275 1.
563 2234 748 2275 hianda
781 2236 891 2276 Flor.
941 2236 1117 2276 lenienda
1160 2236 1250 2276 Par.
1295 2242 1333 2276 5.
1449 2247 1580 2276 conte-

127 2299 306 2339 mncncla.
366 2302 630 2342 contendenda
657 2303 784 2344 Aan.
807 2310 843 2344 1.
875 2304 961 2359 (qui
990 2319 1107 2343 mox:
1151 2321 1313 2357 quae—
1320 2303 1579 2359 praestatur.)

243 2368 507 2408 remittendum
537 2370 673 2410 Turio.
706 2387 728 2410 a
758 2388 817 2424 pr.
850 2388 904 2412 m.
938 2387 1031 2411 cum
1059 2370 1172 2410 Alm.

245 2439 280 2486 §.
313 2439 380 2475 39.
442 2439 568 2476 minus
594 2455 635 2476 se
664 2441 703 2477 in
733 2456 823 2477 rem.
878 2456 919 2478 se
946 2441 1137 2478 omittunt
1166 2441 1287 2477 etiam
1315 2437 1446 2490 Flor.,
1486 2442 1576 2481 fort.

132 2497 254 2537 Amb.
285 2506 320 2540 1.
436 2519 490 2542 cx
523 2507 583 2543 iis.
639 2521 693 2543 ex
729 2506 788 2544 his
816 2505 942 2546 Amb.
979 2511 1016 2546 1.
1050 2504 1183 2546 Guelf.
1214 2504 1337 2545 Goth.
1371 2505 1510 2560 Camp.
1542 2517 1582 2548 et

132 2574 293 2616 posterr.
326 2578 418 2608 ante
448 2569 596 2622 Colin.‚
631 2588 717 2612 exc.
748 2571 844 2613 Aid.
872 2573 974 2613 Bad.
1007 2572 1090 2628 (hic
1119 2572 1188 2626 eis)
1220 2571 1372 2613 Cervic.
1483 2591 1580 2629 pro-

130 2634 254 2683 posui.
305 2640 576 2688 proposuimus
606 2649 760 2692 praeter
785 2650 1024 2680 memoratos
1048 2642 1145 2681 dant
1164 2639 1270 2681 Flor.
1295 2638 1418 2682 Amb.
1445 2646 1484 2682 1.
