1721 2974
145 151 195 187 68
589 144 860 202 Supplcmenm
891 146 1154 185 annotationis

232 266 274 301 in
301 276 373 298 sua
401 259 577 315 quidque.
637 263 664 300 i.
696 277 727 300 s.
759 261 895 314 quique
922 255 1062 298 Turio.
1092 257 1202 300 Flor.
1234 268 1273 300 et
1293 262 1350 300 sio
1372 261 1457 300 sine
1476 261 1598 301 (lubio

148 332 286 379 Aha„
333 342 456 381 quem
484 326 628 368 Burm.
660 331 816 382 quisquc
845 327 939 364 dare
967 336 1115 367 narrat.

261 400 294 452 ξ.
330 401 396 435 10.
456 396 621 452 affligit.
673 395 838 451 qfflictet
858 392 984 434 Amb.
1009 399 1047 434 1.
1104 421 1109 423 -
1164 395 1277 433 breve
1294 406 1454 450 tempus.
1504 411 1600 450 quo-

147 484 219 524 quc
246 471 322 504 ins.
353 462 479 502 Amb.
506 469 542 502 11,
658 479 698 501 se
727 460 817 515 ipsi.
876 477 956 500 sese
979 464 1055 516 ipsi
1082 460 1209 502 Ajnb.
1235 468 1273 502 1.

263 535 294 586 ξ,
341 535 407 570 11.
482 529 540 569 ill.
582 542 656 570 ael.
698 528 839 581 Camp.
965 532 1124 581 eger-ini.
1193 529 1353 583 legerint
1393 528 1519 569 Amb.
1562 533 1600 568 1.

146 604 267 642 male.
383 599 500 636 ctiam
530 596 672 636 adhuc.
732 596 825 636 adh.
857 608 905 636 ct.
935 594 1073 637 Turio.
1102 595 1212 638 Flor.
1243 595 1369 638 Amb.
1391 602 1429 637 1.
1460 595 1602 648 Camp.

149 669 286 710 Guelf.
403 680 554 703 sensum
582 664 720 704 Turic.
755 661 896 717 Camp.

261 736 294 787 ξ.
329 738 394 772 12.
454 731 615 771 secedet.
677 730 800 770 reced.
833 730 971 771 Turio.
1002 729 1112 771 Flor.
1143 731 1269 772 Aan.
1295 737 1334 771 1.
1366 725 1508 785 Camp.

146 816 242 843 γυνη.
301 811 393 839 tunc
423 798 560 840 Turio.
591 799 700 839 Flor.
731 797 858 838 Amb.
882 803 922 840 2.

261 869 293 922 ξ.
330 873 395 908 13.
456 866 555 905 diem
595 883 732 921 occup.
803 882 888 906 occ.
928 865 1027 904 diem
1073 864 1200 906 Amb.
1236 871 1275 906 1.
1388 866 1604 907 subseciva.

146 938 344 977 subsiciva,
373 933 512 974 Turio.
545 949 566 972 a
596 950 674 974 sec.
705 949 762 974 m.
796 933 897 987 (err.
930 931 1094 986 Spaldd,
1140 948 1163 972 a
1190 948 1251 987 pr.
1282 947 1338 972 111.
1369 944 1452 974 erat
1480 935 1604 989 sulfi-

146 1003 262 1057 civa)
318 1001 427 1042 Flor.
468 1000 596 1043 Amb.
627 1008 667 1043 2.
705 1001 796 1042 Par.
826 1007 866 1042 2.
891 1006 928 1040 6.
972 1001 1073 1041 Obr.
1105 1004 1196 1041 fort.
1223 1000 1349 1041 Amb.
1377 1007 1415 1042 1.
1474 1005 1604 1042 succi—

145 1075 249 1119 siva,
291 1079 337 1110 ut
365 1078 571 1110 vetustum
601 1058 809 1123 exemplar
839 1070 945 1122 apud
974 1067 1171 1121 Regium,
1204 1067 1344 1122 Camp.
1374 1068 1475 1110 Ald.
1497 1062 1602 1110 Bad.

145 1139 301 1180 Cervic.
333 1136 446 1178 Sich.
479 1135 612 1178 Coun.
672 1135 849 1176 subsidia
877 1135 968 1176 Par.
998 1142 1034 1176 1.
1066 1136 1177 1176 Jens.
1209 1135 1330 1176 Tarv.
1361 1135 1462 1177 Loc.
1492 1137 1604 1177 Ven.

145 1216 184 1246 et
215 1207 307 1245 edd.
339 1206 434 1244 inde
466 1219 488 1243 a
519 1203 703 1259 Gryphio
735 1220 861 1259 usque
892 1205 942 1244 ad
971 1203 1114 1244 Burm.
1177 1204 1323 1259 [Adde
1353 1220 1456 1259 quae
1479 1203 1603 1259 ,Spal-

145 1275 306 1327 dingius
336 1276 420 1326 ipse
450 1275 494 1310 ’111
523 1275 648 1324 praef.
681 1272 778 1312 Vol.
801 1271 822 1311 I
849 1288 889 1326 p.
911 1270 1093 1312 LXXX
1122 1270 1310 1326 scr1psit.]

260 1343 293 1396 ξ.
328 1340 396 1379 14.
453 1356 529 1379 non
560 1355 630 1391 ego
664 1342 786 1378 etiam
815 1338 953 1379 Turio.
1013 1357 1059 1377 nc
1089 1356 1159 1393 ego
1190 1343 1311 1379 etiam
1338 1339 1450 1380 Jens.
1481 1338 1604 1381 Tarv.

143 1408 254 1450 Ven.
372 1409 560 1446 consumi.
677 1409 887 1446 comminui
923 1405 1032 1447 Flor.
1066 1423 1088 1446 11
1116 1424 1177 1460 pr.
1208 1422 1266 1448 m-
1305 1406 1385 1463 (al.
1415 1423 1471 1448 m.
1504 1423 1605 1448 corr.

143 1473 345 1528 consumi)
395 1472 533 1513 Turio.
583 1472 700 1514 Ahn.
751 1473 874 1513 Bodl.
927 1473 1077 1513 Baliol.
1130 1474 1232 1515 Obr.
1273 1477 1364 1515 fort.
1404 1474 1531 1515 Amb.
1567 1481 1606 1516 1.

145 1543 281 1597 [quod
310 1555 394 1581 non
424 1542 699 1594 spernendum
727 1542 908 1592 videtur,
965 1556 1097 1595 neque
1129 1545 1238 1582 enim
1269 1541 1416 1594 Quint.
1447 1552 1607 1583 veretur

142 1626 195 1650 ne
235 1619 513 1650 consumantur
552 1612 654 1649 vires
694 1611 832 1662 pueri,
884 1610 955 1648 sed
995 1609 1072 1649 hoc
1112 1626 1251 1650 cavere
1289 1613 1378 1650 vult
1406 1626 1458 1650 ne
1487 1614 1605 1663 inge-

142 1681 259 1717 nium
289 1679 541 1732 eloquentiae
581 1677 823 1715 destinamm
861 1679 1116 1729 infringatur.
1174 1677 1284 1717 Vide
1318 1693 1404 1731 cap.
1437 1684 1477 1730 7,
1511 1679 1603 1731 33.]

229 1745 394 1784 artibus.
450 1745 632 1798 partibus
663 1744 800 1784 Turic-
831 1743 940 1783 Flor.
973 1759 994 1782 a
1012 1759 1073 1796 pr.
1097 1759 1153 1784 m.
1184 1744 1300 1784 AJm.
1330 1744 1451 1784 Bodl.
1475 1744 1603 1786 Amb.

148 1819 185 1852 1.
303 1815 404 1850 noiis
435 1815 557 1850 etiam
595 1811 704 1851 Flor.
746 1811 836 1852 I'ar.
866 1816 903 1851 1.
937 1817 976 1851 2.
1011 1816 1050 1850 6.
1098 1799 1239 1865 thp.
1271 1820 1311 1851 et
1342 1813 1432 1852 edd.
1465 1828 1604 1853 omnes

144 1889 235 1919 ante
277 1877 459 1932 Gryph.'‚
509 1894 591 1918 acc.
636 1878 758 1927 Obr.‚
807 1881 899 1918 fort.
943 1877 1071 1918 Amb.
1106 1884 1145 1918 1.
1205 1877 1296 1931 [Cf.
1327 1878 1532 1919 Addenda
1561 1883 1606 1920 in

142 1949 270 2001 praef.
299 1945 400 1987 Vol.
428 1944 448 1985 I
485 1961 526 1999 p.
555 1944 780 1999 LXXX.]
895 1963 1011 2000 usque
1048 1949 1170 1985 inser.
1199 1955 1288 1999 post
1316 1948 1452 1987 minut.
1483 1950 1605 1987 etiam

143 2014 272 2054 Amb.
297 2019 334 2053 1.
357 2019 398 2054 2.
431 2012 596 2066 Camp.3
637 2023 726 2067 post
754 2016 883 2068 utique
910 2015 1020 2052 idem
1049 2016 1169 2053 inser.
1194 2012 1305 2053 Flor.
1354 2004 1456 2067 [Cf.
1476 2017 1604 2067 praef.

143 2081 242 2122 Vol.
262 2079 284 2120 I
311 2096 351 2134 p.
370 2079 595 2133 LXXX.]
711 2081 805 2122 Non
832 2097 932 2122 com.
992 2079 1080 2120 Nec
1109 2097 1209 2121 com.
1238 2079 1349 2121 Flor.
1463 2097 1604 2136 suppe-

145 2147 287 2188 ditabit
324 2151 445 2187 etiam
474 2147 615 2202 Camp-

257 2216 290 2269 ᾗ.
325 2219 393 2255 16.
460 2226 574 2270 atque
617 2215 752 2270 pulch.
799 2233 875 2258 rer.
946 2232 996 2256 ac
1035 2215 1175 2257 Turic.
1214 2214 1342 2256 Amb.
1377 2221 1416 2257 1.
1460 2215 1604 2272 Camp-

149 2299 224 2322 rer.
251 2281 386 2336 pulch..
415 2281 553 2323 Turic-
583 2281 693 2323 Flor.
723 2282 851 2324 Amb.
874 2290 913 2325 1.
940 2283 1081 2337 Camp.
1113 2293 1153 2323 et
1179 2285 1357 2338 reliquae
1387 2284 1478 2325 edd.
1510 2293 1603 2325 ante

149 2349 305 2404 Gryph.
345 2366 499 2391 omnes.
559 2349 654 2403 [Cf.
684 2353 808 2404 praef.
838 2366 880 2406 p.
909 2349 1092 2392 LXXX
1120 2359 1160 2391 et
1186 2353 1258 2391 lib.
1291 2348 1406 2403 XII,
1441 2357 1480 2404 1,
1512 2351 1601 2405 32.]

230 2418 345 2457 velim
373 2436 497 2459 usum.
552 2417 726 2458 venalem
755 2436 813 2459 us.
842 2418 971 2459 Amb.
998 2425 1037 2459 1.

260 2487 292 2537 ᾖ.
327 2491 394 2526 17.
453 2501 524 2526 nec
554 2485 671 2525 velim
709 2489 830 2526 etiam
864 2486 991 2526 Amb.
1017 2491 1056 2527 1.
1116 2485 1330 2539 [Lectores
1361 2487 1441 2527 dici
1469 2501 1603 2527 servos

146 2565 304 2604 quoque
334 2555 523 2592 litteratos
553 2569 639 2594 11011
667 2556 832 2607 ignoro,
872 2562 914 2601 et
941 2554 1085 2605 adjecit
1114 2552 1372 2607 Spaldingius
1400 2557 1445 2593 in
1473 2557 1601 2608 praef.

144 2633 183 2670 p.
214 2616 395 2658 LXXX
435 2619 560 2660 Plinii
599 2624 874 2663 testimonium
919 2620 1046 2676 Epist.
1076 2619 1145 2670 V,
1182 2626 1258 2663 19:
1297 2630 1453 2675 poterat
1481 2623 1602 2665 etiam
