1721 2974
187 175 265 211 308
624 170 894 223 supplementa
926 169 1188 207 annotationis

187 285 384 324 mamimos
405 284 614 322 cruciatus.
647 281 783 322 Turio.
802 283 980 319 maoeimo
1005 282 1195 320 cruciatu.
1286 278 1396 318 Mihi
1414 293 1492 319 om.
1507 280 1624 318 etiam

184 350 216 389 F
221 353 293 390 lor.
394 349 512 405 filius
532 353 669 388 minor.
721 347 856 386 Turio.
877 346 964 400 filis
990 363 1040 385 m.
1094 344 1227 386 Guelf.
1255 346 1353 385 haec
1385 348 1543 386 omiitit.

184 433 358 470 egressus
403 434 541 456 annum
577 418 703 469 prior.
765 412 854 453 Par.
889 419 924 453 1.
955 419 994 454 2.
1029 428 1191 468 quoque
1219 430 1252 453 e.
1282 429 1320 453 α.
1352 415 1392 452 ἰη
1418 411 1534 451 malis
1561 428 1630 452 nec

184 501 301 538 agere
325 502 365 538 p·

298 552 333 604 §.
365 556 405 591 7.
466 564 621 601 angere.
670 546 779 588 Flor.
817 546 956 600 Camp.
990 545 1124 588 Guelf.
1155 564 1281 601 agere.
1388 548 1454 600 qui
1473 561 1629 600 possum

183 617 289 675 quid.
350 617 485 657 Turio.
518 615 634 670 quocl.
664 632 706 669 p.
739 614 852 670 qnod.
966 614 1045 655 illc.
1101 613 1223 655 Amb.
1246 621 1284 655 1.
1317 612 1421 654 illac.
1536 611 1631 667 quid

178 684 338 740 jucund.
401 683 537 722 Turio.
570 682 674 737 quod
697 685 730 736 j.
849 684 1006 735 ingenii.
1053 682 1162 722 Flor.
1188 696 1346 736 quoque
1376 682 1543 734 ingenio.

182 753 451 792 substantiam.
501 749 568 789 Sic
589 753 711 788 etiam
739 746 860 789 Amb.
885 754 923 788 1.
946 748 1053 789 Flor.
1083 749 1174 789 Par.
1200 755 1236 789 1.
1258 755 1297 789 2.
1412 762 1530 802 quam
1548 747 1631 784 scio

182 822 271 858 vix.
321 817 426 857 Flor.
450 815 589 869 Camp.
612 815 701 856 Par.
726 821 763 856 1.
786 822 826 856 2.
848 832 962 870 quam
980 818 1055 855 vim
1076 818 1172 855 scio.
1261 814 1481 855 ostenderit.
1520 813 1628 853 Flor.

183 890 291 927 item.
379 882 520 938 qualis.
573 883 713 937 Camp.
738 883 904 937 qualem.
990 899 1174 922 amorem.
1223 882 1330 922 Flor.
1358 898 1469 922 amor
1489 891 1558 920 est.

298 952 334 1002 §.
366 956 405 991 8.
464 961 503 989 ut
534 950 614 989 ille.
675 949 800 991 Amb.
834 955 870 990 1.
903 950 1006 990 utile.
1127 967 1186 989 me
1214 952 1338 989 aviae.
1397 949 1506 989 Flor.
1543 962 1632 986 mea

179 1022 259 1059 via.
377 1017 435 1058 ill.
466 1028 540 1058 aet.
570 1017 643 1057 sol.
692 1017 760 1058 Sic
789 1021 912 1057 etiam
943 1017 1050 1057 Flor.
1166 1033 1267 1058 omn.
1298 1016 1405 1056 laud.
1429 1033 1513 1070 sup.
1560 1013 1630 1054 Sio

181 1090 304 1127 etiam
325 1085 429 1125 Flor.
534 1102 650 1140 quam
673 1085 775 1140 quod
795 1085 916 1125 illius.
964 1085 1071 1125 Flor.
1101 1100 1261 1140 quoque
1287 1099 1517 1139 quamquam
1532 1081 1628 1132 illis,

180 1153 230 1208 (a
249 1169 327 1193 sec.
347 1168 403 1192 m.
427 1151 566 1206 illius).
853 1192 856 1195 ,

289 1223 324 1273 §.
359 1227 397 1261 Ω.
462 1230 552 1274 post
583 1220 691 1260 haec.
755 1218 887 1260 Guelf.
920 1230 1010 1275 post
1047 1220 1135 1260 hac.
1253 1217 1502 1271 Quintiliani.
1560 1214 1628 1256 Sic

178 1290 301 1328 etiam
322 1287 447 1327 Ajnb.
470 1293 506 1326 1.
596 1288 758 1327 nitebar.
809 1287 908 1328 Obr.
930 1287 1139 1327 innitebar.
1220 1296 1388 1341 poterat.
1435 1282 1562 1324 Amb.
1587 1287 1626 1322 l.

174 1366 349 1409 poteras,
465 1371 515 1394 ac
545 1354 625 1410 def.
688 1354 756 1394 Sic
789 1358 911 1394 etiam
940 1353 1066 1395 Amb.
1094 1359 1131 1395 1.
1161 1369 1187 1394 a
1205 1370 1282 1395 sec.
1305 1369 1388 1402 m.‚
1436 1355 1543 1406 prius
1575 1349 1630 1389 αίῖ

176 1421 258 1478 cqu:
331 1420 511 1478 frucws,
564 1422 672 1462 Flor.
696 1437 718 1460 a
740 1438 799 1475 pr.
821 1437 876 1462 m.
900 1438 1072 1475 gressus.

290 1490 323 1540 §.
359 1493 422 1528 10.
484 1492 656 1528 numina.
725 1488 866 1542 Camp.
904 1506 974 1543 per
1014 1506 1115 1528 num.
1230 1491 1305 1528 mei
1336 1487 1498 1528 doloris.
1558 1484 1627 1526 SIC

177 1558 298 1595 etlam
318 1555 426 1595 Flor.
545 1555 653 1595 nihil.
704 1554 839 1596 Guelf.
870 1556 939 1597 nil.
1057 1556 1262 1611 studiique.
1313 1555 1420 1596 Flor.
1445 1570 1467 1593 a
1485 1570 1546 1607 pr.
1568 1568 1624 1592 ma

174 1625 321 1675 ingenii
338 1640 446 1676 quac,
469 1638 490 1662 a
509 1639 586 1663 sec.
599 1639 654 1663 m.
677 1639 771 1662 cum
785 1622 926 1676 Camp.
943 1622 1079 1664 Guelf.
1103 1624 1236 1663 studia
1256 1640 1368 1678 quae.
1410 1623 1519 1663 Jens.
1542 1632 1627 1660 stu-

175 1689 336 1743 diisque.
417 1689 515 1745 fere
536 1700 604 1729 cst.
657 1689 783 1730 Amb.
817 1696 854 1730 1.
875 1691 1016 1747 ficere
1035 1702 1084 1730 et.
1138 1691 1244 1730 Flor.
1266 1706 1289 1729 a
1307 1707 1368 1744 pr.
1387 1706 1443 1729 m.
1465 1702 1628 1744 quoque

160 1756 308 1813 facere
328 1766 405 1808 est,
444 1771 466 1795 a
487 1772 565 1795 sec.
576 1756 712 1813 filcile
736 1773 766 1796 e.
853 1768 997 1797 tantas.
1057 1757 1193 1797 Turio.
1215 1757 1322 1796 Flor.
1345 1755 1480 1797 Guelf.
1500 1754 1625 1796 Goth.

173 1833 338 1862 tantam.
441 1823 719 1877 provehantur.
771 1822 905 1864 Guelf.
930 1823 1053 1865 Goth.
1071 1824 1323 1879 provehatur.

193 1941 198 1944 ᾖ
287 1895 321 1943 §.
354 1895 421 1931 11.
482 1901 517 1929 et
537 1893 590 1930 in.
631 1890 738 1930 Flor.
768 1890 908 1944 Camp.
931 1891 1046 1931 Alm.
1072 1894 1187 1929 utin.
1230 1889 1362 1930 Guelf.
1385 1905 1466 1930 om.
1489 1892 1543 1930 in.

172 1957 268 1996 haec
293 1974 392 2011 speS.
442 1956 569 1998 Amb.
603 1963 639 1998 1.
675 1958 748 1996 liae
768 1975 801 1997 S.
911 1961 1080 2012 jamque.
1125 1956 1253 1997 Amb.
1278 1961 1316 1997 1.
1337 1956 1446 1996 Flor.
1467 1972 1628 2012 quoque

172 2041 376 2078 quamque.
493 2025 688 2065 alienatae
708 2027 858 2065 mentis.
910 2024 1036 2065 Amb.
1066 2030 1103 2064 1.
1127 2023 1294 2064 alienate
1313 2035 1467 2063 mentes.
1514 2023 1622 2065 Flor.

173 2106 195 2130 a
223 2107 282 2144 pr.
315 2107 367 2130 m.
398 2094 520 2131 etiam
542 2092 670 2133 aliena
695 2102 872 2132 tenentes.
989 2092 1109 2132 solas.
1155 2090 1283 2132 Amb.
1309 2097 1346 2138 1ὀ
1375 2090 1483 2131 Flor.
1513 2106 1536 2131 a
1561 2107 1625 2145 pr.

171 2174 228 2198 m.
262 2157 407 2199 scolas.

262 2230 320 2278 §.
355 2231 421 2267 12.
483 2227 639 2265 Tuosne
660 2243 744 2279 ego.
798 2226 938 2282 Camp.
966 2229 1084 2266 inser.
1114 2242 1214 2267 cum.
1325 2235 1430 2263 tuum
1445 2223 1542 2279 fitg.
1565 2246 1624 2255 --

170 2303 276 2331 tuum
297 2309 404 2346 corp.
463 2292 600 2332 Etiam
629 2293 756 2334 Amb.
781 2300 817 2334 1.
852 2310 873 2333 a
893 2311 952 2348 pr.
975 2309 1031 2335 m.
1059 2309 1151 2334 cum
1177 2293 1285 2334 Flor.
1312 2304 1392 2332 tum
1404 2291 1444 2348 f*
1464 2315 1519 2322 -
1542 2302 1622 2332 tum

171 2376 206 2400 c.
311 2360 371 2398 his
390 2363 507 2412 cogit.
557 2359 698 2414 Camp.
725 2376 804 2400 om.
830 2362 905 2401 his.

281 2429 315 2478 ᾗ.
352 2431 415 2466 13.
486 2427 698 2468 consulari.
765 2426 899 2468 Guelf.
938 2427 1048 2468 Jens.
1082 2427 1290 2469 consolari.
1415 2426 1617 2467 honorum.

170 2490 305 2532 Guelf.
327 2493 435 2533 Jeus.
461 2503 500 2533 et
517 2495 607 2533 edd.
637 2504 729 2535 ante
747 2494 849 2535 Bad.
873 2496 1073 2536 bonorum.
1155 2498 1295 2550 patris.
1339 2493 1476 2534 Etiam
1492 2493 1616 2533 Amb.

170 2563 207 2598 1.
236 2558 341 2598 Flor.
370 2563 496 2613 prius.
589 2578 656 2615 spe
675 2562 853 2604 Atticae.
905 2563 1034 2604 Amb.
1060 2569 1097 2604 1.
1125 2579 1210 2617 spes
1229 2564 1354 2602 acutis
1377 2577 1470 2602 cum
1489 2561 1616 2610 Flor.,

168 2628 238 2679 qui
255 2635 393 2666 tamen
415 2643 438 2667 a
456 2642 535 2668 sec.
558 2643 612 2668 m.
635 2645 702 2683 spe
722 2639 874 2669 acutae.
984 2642 1174 2685 superstes
1199 2654 1256 2661 --—
1288 2629 1363 2678 Et,
1394 2632 1443 2669 si.
1494 2627 1617 2669 Amb.
