1721 2974
37 2678 41 2702 ἢ

375 159 429 199 ad
460 157 625 212 Quintil.
656 158 784 198 Instit.
819 155 874 206 γ’,
906 161 973 198 10.
1015 157 1285 207 §.12—25.
1473 167 1554 204 253

106 290 191 313 sum
227 284 401 328 propter.
469 272 538 313 Sic
579 274 697 311 etiam
733 271 841 314 Flor.
883 271 1008 312 Amb.
1040 277 1079 313 2.
1109 269 1199 311 Par.
1226 276 1261 310 1.
1287 276 1328 311 2.
1356 276 1419 320 3.,
1462 291 1555 315 cum

108 340 230 382 Amb.
257 346 310 392 1.,
342 343 419 381 uisi
446 341 554 395 quod
585 339 650 379 hic
668 339 822 396 falsus.
936 356 1138 379 summam.
1197 337 1335 379 Turio.
1363 339 1552 395 formam.

222 424 258 473 §.
291 425 358 460 20.
418 419 459 458 hi
489 433 650 472 quoque.
710 418 776 458 Sic
808 421 928 458 etiam
957 417 1080 458 Amb.
1105 422 1142 458 1.
1167 423 1205 459 2.
1239 418 1350 458 sich,
1462 420 1558 462 <lixi

108 486 303 527 videntur.
362 485 484 527 Amb.
510 491 546 524 1.
576 484 712 526 Turio.
746 485 852 526 Flor.
882 490 1019 526 inserr.
1052 497 1105 526 ut.
1221 486 1339 526 intell.
1370 490 1409 526 in
1432 487 1558 529 lua-u-

111 558 226 595 riam.
285 553 412 594 Amb.
435 559 473 593 1.
494 559 533 593 2.
563 552 670 593 Flor.
706 569 864 608 quoque
895 557 921 594 i.
944 565 983 592 ut
1003 554 1091 594 lux.
1208 551 1342 606 latent,
1373 572 1441 596 ια’.
1487 557 1557 598 Sic

110 625 232 662 etiam
262 621 368 662 Flor.
399 619 523 660 Amb.
549 626 589 661 2.
703 621 881 676 petenda.
939 621 1065 662 Amb.
1089 628 1127 662 2.
1161 637 1320 677 quoque
1348 625 1516 678 petendi.

224 701 259 752 §.
291 705 358 740 21.
419 700 485 739 ubi
513 716 696 754 quaeque.
755 699 891 739 Turio.
923 700 1029 741 Flor.
1062 698 1174 740 Alm.
1206 698 1340 743 Guelf.
1367 702 1494 743 Amb.
1516 712 1556 746 2.

109 767 227 808 Voss.
249 773 288 808 3.
322 767 462 822 Camp.
494 768 646 822 ubique.
706 766 826 807 Bodl.
859 768 1004 808 Joann.
1030 766 1160 808 Andr.
1193 769 1336 823 ublq'ui.
1420 771 1557 814 soleat.

111 835 277 877 Omittit
307 835 446 889 Camp.
553 837 729 875 saxosis.
791 835 917 875 Amb.
943 841 978 875 1.
1006 835 1143 876 Turio.
1163 836 1271 877 Flor.
1292 836 1405 879 Alm.
1428 844 1558 882 samis.

108 903 227 944 Voss.
262 909 298 946 1.
341 909 379 945 3.
423 921 629 950 saxorum.
753 920 923 944 scarum.
993 903 1120 943 Amb.
1157 909 1193 943 1.
1233 905 1381 947 cai-um.
1446 906 1559 950 ,Flor.

108 971 236 1013 Amb.
261 978 298 1013 2.
330 989 525 1012 scaurum.
641 988 792 1025 argum.
826 970 917 1010 und.
979 970 1119 1024 Camp.
1151 974 1269 1013 inser.
1303 990 1391 1016 non.
1490 994 1562 1016 un.

109 1039 237 1095 dique.
296 1039 402 1079 Flor.
434 1040 614 1095 undeque.
732 1039 903 1094 ideoque.
966 1037 1105 1092 Camp.
1138 1039 1236 1080 idco.

248 1151 258 1160 .
289 1126 353 1160 22.
411 1136 544 1170 error,
576 1130 611 1158 ct
633 1118 727 1158 emh.
783 1117 910 1158 Aan.
939 1123 975 1157 1.
1010 1133 1171 1173 quoque
1202 1136 1231 1160 e.
1264 1130 1319 1159 est
1350 1138 1381 1165 e.
1431 1123 1558 1165 Amb,

109 1196 150 1232 2.
181 1205 352 1228 errorem
378 1188 470 1227 each.
527 1187 586 1227 Al
616 1190 664 1228 si.
697 1185 834 1227 Turio.
877 1201 899 1226 a
929 1201 989 1239 pr.
1024 1202 1075 1224 m.
1119 1185 1253 1228 Guelf.
1295 1187 1412 1230 Voss.
1448 1197 1486 1233 1.
1519 1201 1557 1234 3.

109 1269 189 1298 aut.
247 1255 384 1297 Turio.
417 1271 439 1295 a
470 1271 548 1295 sec.
578 1271 633 1296 m.
664 1266 730 1294 aut
758 1257 801 1293 si.
916 1256 1130 1294 scierimus.
1188 1255 1305 1297 Voss.
1330 1263 1366 1298 1.
1389 1264 1428 1300 3.
1459 1265 1562 1301 3050-

108 1343 206 1365 mus.
262 1325 371 1366 Jens.
402 1322 502 1364 Loc.
532 1323 642 1364 Veu.
674 1326 871 1363 sciremus.
968 1322 1157 1378 quodque.
1209 1323 1276 1365 Sic
1303 1329 1422 1366 etiam
1450 1328 1559 1371 Flor,

109 1411 134 1434 a
161 1410 239 1434 sec.
270 1408 326 1434 m.
359 1391 495 1433 Guelf.
534 1391 662 1432 Amb.
695 1398 734 1432 2.
790 1389 896 1431 Flor.
931 1405 953 1429 a
982 1405 1042 1443 pr.
1077 1407 1131 1430 m.
1164 1410 1311 1449 quoque
1339 1408 1564 1440 nascantur.

108 1462 176 1502 Ex
204 1461 332 1502 Amb.
357 1466 394 1501 1.
418 1461 525 1499 nihil
553 1469 729 1499 notatur.
846 1461 886 1497 in
915 1475 957 1498 eo
988 1470 1057 1499 est.
1105 1460 1223 1504 Voss,
1255 1477 1392 1514 0mn,‚
1425 1466 1514 1506 edd„⁴
1539 1482 1562 1506 a

108 1531 218 1572 Jens.
237 1531 288 1570 ad
309 1528 421 1569 Sich.
443 1544 572 1579 meae,
605 1544 692 1568 exc.
715 1525 813 1566 Ald.
829 1558 839 1576 ‚
877 1542 970 1565 cum
998 1530 1053 1567 eis
1083 1543 1145 1583 ap.
1177 1529 1320 1570 Burm.
1345 1533 1386 1570 in
1406 1549 1449 1572 eo
1472 1537 1561 1576 erit.

222 1614 259 1662 §.
292 1614 361 1652 23.
422 1619 652 1661 argumenta
675 1625 714 1647 α.
775 1605 843 1646 Sic
874 1609 996 1646 etiam
1020 1606 1149 1649 Amb.
1173 1614 1209 1651 1.
1238 1609 1345 1650 Flor.
1378 1626 1400 1650 a
1419 1627 1478 1665 pr.
1501 1629 1558 1661 m.

189 1680 266 1729 sit,
317 1688 358 1716 ut
389 1677 494 1717 dimi.
552 1676 679 1716 Amb.
711 1681 750 1714 1.
782 1684 823 1713 ut
854 1673 892 1714 ἅ.
924 1691 956 1714 s.
1067 1680 1303 1730 partiamur.
1361 1678 1487 1722 Amb.
1522 1688 1561 1724 1,

106 1749 329 1802 partimur,
361 1761 454 1787 cum
485 1744 624 1787 Turio.
657 1759 680 1782 a
700 1758 759 1796 pr.
781 1757 836 1782 m.
938 1759 1012 1784 res.
1071 1744 1208 1785 Turio.
1232 1761 1253 1784 a
1274 1762 1334 1800 pr.
1353 1764 1408 1791 m.
1440 1754 1563 1791 omit..

108 1818 170 1854 tit.
284 1829 497 1868 personas:
538 1823 593 1853 ui.
655 1810 778 1853 Goth.
811 1809 930 1851 Voss.
963 1817 1002 1852 2.
1034 1810 1174 1868 Camp.
1204 1817 1342 1855 inserr.
1375 1833 1447 1858 res,

110 1892 240 1922 cetera
269 1898 408 1921 rerum.
464 1880 593 1921 Amb.
623 1885 660 1920 1.
700 1879 836 1920 Turic.
869 1878 976 1920 Flor.
1007 1877 1119 1922 Alm.
1152 1893 1381 1925 ceterarum.
1495 1887 1565 1927 secl

110 1949 221 1988 unde.
281 1948 418 1989 Turio.
451 1947 650 1986 secundae.
708 1946 823 1988 Alm.
850 1946 978 1987 seclae.

224 2030 260 2081 ᾗ.
293 2028 360 2068 24.
418 2042 539 2081 porro
571 2035 672 2064 sunt.
733 2023 876 2078 Camp.
913 2042 954 2079 p.
977 2025 1107 2081 facit.
1221 2031 1301 2069 suis
1335 2031 1434 2085 pler.
1492 2035 1562 2077 Sio

109 2100 233 2138 etiam
262 2093 384 2136 Amb.
409 2099 445 2134 1.
476 2093 566 2134 Par.
592 2098 628 2132 1.
650 2097 689 2132 2.
714 2097 753 2132 3.
813 2091 953 2145 Camp.
983 2096 1101 2133 inser.
1134 2098 1255 2136 etiam
1278 2098 1377 2151 filii.
1466 2120 1564 2144 non-

109 2180 303 2220 nunquam
333 2162 388 2202 αᾶ
417 2162 571 2202 honeste
600 2163 848 2215 turpiterque.
906 2159 1029 2202 Amb.
1052 2167 1090 2202 1.
1122 2179 1316 2218 nunquam
1337 2168 1386 2207 ab
1404 2169 1562 2212 honesto

107 2235 275 2287 turpiter·
315 2229 365 2285 (b
396 2239 433 2269 et
464 2246 486 2269 ο
524 2238 617 2269 sunt
654 2229 854 2269 secundae
882 2227 1065 2283 manus).
1126 2229 1265 2286 Camp.
1295 2251 1487 2291 nunquam
1509 2241 1563 2279 ab

32 2356 33 2359 Ἴ
108 2302 266 2342 honesto
297 2299 493 2338 inhoneste
522 2298 773 2351 turpiterque.
890 2307 990 2336 sunt.
1048 2295 1168 2339 Amb.
1197 2305 1234 2341 1.
1262 2301 1368 2343 Flor,
1401 2320 1562 2362 quoque

31 2367 34 2383 ι
101 2372 245 2427 fluunt.
359 2366 511 2417 Na1i05
561 2381 664 2404 nam.
721 2361 846 2405 Amb.
880 2369 917 2404 1.
959 2363 1097 2406 Turic.
1143 2366 1251 2409 Flor.
1296 2374 1504 2414 nationum.

108 2435 248 2489 Camp.
279 2433 510 2474 nationibus.
627 2431 730 2472 idem
759 2434 810 2472 in.
867 2429 988 2474 Amb.
1017 2438 1054 2474 1.
1090 2432 1198 2475 Flor.
1229 2452 1390 2494 quoque
1419 2444 1561 2486 insen..

105 2507 176 2560 qui
201 2513 302 2544 sunt.

219 2586 257 2635 §.
288 2585 356 2623 25.
416 2579 693 2637 dfflreniiam.
762 2577 886 2620 Amb.
920 2584 958 2620 1.
1011 2577 1149 2622 Turic.
1191 2598 1214 2622 a
1251 2599 1309 2638 pr.
1350 2603 1407 2629 m.
1446 2588 1559 2633 Alm,

108 2647 245 2690 Guelf.
278 2647 402 2693 Amb.
432 2655 473 2692 2.
515 2648 754 2706 dffreniia.
870 2663 933 2702 op.
972 2647 1124 2691 habent.
1181 2649 1317 2694 Etiam
1355 2655 1463 2699 Flor.
1498 2676 1559 2715 op.
