1721 2974
299 137 354 179 ad
385 137 549 191 Quintil.
578 136 709 179 Instie.
737 134 821 189 IV,
852 141 891 178 2.
923 136 1241 190 §.106-110,
1415 135 1497 174 213

48 250 190 306 Camp,
224 250 521 307 plurimumque.
644 250 698 291 aa
712 249 855 307 fidem.
921 247 989 290 Sic
1019 249 1142 288 etiam
1180 246 1304 288 Amb.
1334 251 1372 286 1.

47 336 94 359 ne
110 320 278 377 ficis-se.
310 319 450 373 Camp.
494 335 569 359 non
585 318 676 375 fic.
741 316 876 359 Guelf.
907 317 1017 357 Sich.
1047 332 1094 356 ne
1121 315 1234 371 φὶς.
1290 313 1415 355 Goth.
1453 330 1499 353 ne

34 387 92 444 fc
125 405 166 427 se
190 387 282 445 fec.
340 387 457 429 Voss.
487 393 528 428 2.
569 401 663 426 cum
703 387 795 426 edd.
825 385 935 426 Jens.
963 383 1062 425 Loc.
1093 382 1205 424 Ven.
1238 381 1340 422 Bad.
1379 397 1425 420 ne
1460 397 1501 420 se

35 455 129 512 fic,
243 456 549 495 inobservantia.
607 453 675 494 Sic
708 457 831 493 etiam
863 452 989 493 Amb.
1020 457 1059 492 1.
1089 450 1197 492 Flor.
1227 449 1320 492 Par.
1347 455 1387 490 1.

45 526 256 578 praecipit.
311 522 451 562 Etiam
485 521 612 561 Amb.
644 526 682 562 1.
719 521 830 562 Flor.
863 522 1078 576 praecepit.
1197 517 1385 559 admirat.
1422 531 1503 557 ex-

46 602 193 645 pectat.
254 589 396 644 Camp.
428 590 612 629 ordinem
639 592 836 630 mutavit..

166 661 205 709 §.
239 664 333 699 108.
390 657 768 710 Argumentabimur
806 668 861 698 ut.
921 654 992 698 Sic
1031 657 1154 696 etiam
1180 652 1306 695 Amb.
1332 659 1371 695 2.
1408 651 1500 693 Par.

55 731 93 765 1.
126 732 164 766 2.
195 731 231 767 3.
304 725 660 778 argumentabimus
697 723 823 764 Aan.
859 729 896 765 1.
945 724 1056 765 Flor.
1097 738 1122 762 a
1153 738 1231 763 sec.
1267 737 1323 763 m.
1367 718 1502 761 Guelf-

109 795 464 846 argumeniavimus
494 791 605 832 Flor.
628 808 650 831 a
668 808 726 845 pr.
745 807 802 833 m.
831 791 946 834 Alm.
974 792 1150 834 Amb.2.
1179 791 1302 832 Bern.
1331 789 1451 831 Voss.
1466 792 1503 828 3.

108 871 422 913 argumentamus
451 859 571 900 Voss.
602 865 645 899 1..
731 860 862 916 facit.
910 859 1036 900 Amb.
1057 866 1097 901 2.
1111 862 1215 915 fiat.
1309 874 1383 912 pro
1408 856 1501 909 Lig-

52 926 166 968 Sich.
205 944 279 980 pro
313 927 362 979 Q.
392 928 485 981 Lig.
607 939 755 982 poscet.
812 927 970 969 Cen-ic..
1004 927 1178 985 prqfert.
1291 925 1437 983 d‘f‘ns'
1469 933 1504 962 ct
1570 930 1572 932 ’

53 1005 130 1034 rat.
190 992 325 1035 Guelf.
354 1010 434 1034 om.
467 1006 516 1035 ei.

165 1063 202 1114 §.
234 1067 329 1103 109.
386 1062 521 1117 Neque
550 1080 609 1103 en.
668 1062 739 1104 Sio
779 1067 901 1103 etiam
940 1063 1065 1105 Amb.
1094 1069 1128 1103 1.
1166 1061 1279 1104 Sich.
1393 1075 1504 1100 narr.

52 1140 109 1168 cst
138 1140 341 1184 tamquam
368 1141 553 1184 patrono.
613 1130 682 1171 Sic
709 1131 848 1172 Turio.
878 1130 1005 1171 Amb.
1037 1137 1072 1171 1.
1103 1141 1143 1171 et
1179 1130 1290 1171 Flor.
1321 1143 1345 1168 a
1365 1143 1424 1181 pr.
1446 1141 1505 1167 m.

53 1199 207 1236 omissis
237 1200 391 1238 ceteris.
506 1198 656 1251 legatus
683 1223 745 1240 —-.
765 1199 877 1255 prqf.
934 1199 1063 1239 Amb.
1090 1205 1127 1239 1.
1158 1198 1266 1238 Flor.
1297 1197 1446 1249 legatus
1470 1209 1507 1235 c-

54 1265 233 1304 considio
269 1265 364 1319 (nisi
403 1267 512 1320 quod
555 1265 662 1306 Flor.
701 1284 787 1306 cum
816 1267 966 1321 eorm),
1007 1277 1048 1307 et
1085 1269 1161 1320 ipsi
1201 1268 1429 1305 omittentes
1467 1264 1509 1302 in

53 1332 246 1388 Asi-icam
276 1350 376 1372 cnm.
434 1332 571 1373 Turio.
595 1349 617 1373 a
642 1349 703 1387 pr.
725 1350 782 1374 m.
815 1351 913 1389 quae
938 1335 1028 1388 Lig.
1057 1334 1204 1387 ligatus
1231 1349 1302 1387 pro
1336 1332 1384 1384 Q.
1415 1330 1509 1383 Εἰς.
1545 1387 1547 1391 ⁴

55 1399 131 1453 leg.
175 1415 269 1439 cum
298 1399 408 1440 Flor.
450 1401 626 1441 exhibet.
684 1400 789 1442 Edd.
829 1402 972 1456 Steph.
1007 1402 1138 1444 Colin.
1178 1400 1334 1456 Gryph.
1361 1400 1429 1439 hic
1468 1409 1510 1440 et

54 1469 161 1506 infra
199 1465 374 1521 (praeter
413 1466 563 1523 Colin.)
598 1472 764 1522 legunt:
806 1487 894 1510 cum
934 1471 1030 1512 Cos,
1059 1471 1104 1512 C.
1137 1469 1252 1511 Gens.
1370 1466 1510 1524 prqf'e-

57 1545 142 1575 ctus
162 1546 227 1573 est.
274 1534 400 1575 Amb.
418 1541 456 1576 1.
488 1535 627 1577 Turio.
660 1537 797 1578 Guelf.
828 1543 958 1580 omitt.
990 1549 1061 1579 est.
1148 1547 1243 1577 esset
1270 1534 1391 1576 nulla.
1441 1534 1510 1575 Sic

57 1606 180 1642 etiam
222 1601 349 1642 Amb.
396 1608 432 1642 1.
473 1610 513 1644 2.
562 1603 671 1645 Flor.
716 1606 806 1646 Par.
842 1613 881 1647 3.
924 1611 969 1649 5.-
1028 1607 1106 1647 Pro
1147 1607 1251 1644 enim
1288 1618 1374 1644 non
1413 1603 1512 1643 dant

56 1673 178 1723 igisur·
207 1671 299 1709 edd.
331 1685 353 1709 a
380 1670 489 1711 Jens.
520 1673 567 1711 nd
600 1672 739 1725 Sich.‚
769 1675 840 1714 sed
870 1677 970 1714 enim
996 1684 1175 1714 tuentur.

170 1739 213 1790 ᾗ.
242 1743 337 1778 110.
395 1738 525 1779 Alibi,
557 1739 716 1781 ,Turia
745 1741 855 1783 Flor.
887 1742 1002 1783 Alm.
1030 1742 1211 1782 Amb.1.
1243 1751 1279 1779 et
1306 1737 1418 1778 alibi.

56 1805 173 1845 modo
212 1805 359 1845 nullum
403 1806 469 1846 ad.
541 1806 678 1847 Etiam
721 1808 847 1849 Amb.
879 1816 916 1853 1.
947 1817 987 1852 2.
1027 1813 1156 1850 omitt.
1198 1806 1356 1847 nullum.
1412 1804 1511 1846 Ald.

59 1871 195 1912 Colin.
225 1873 361 1912 ullum.
420 1873 553 1925 [Fides
575 1878 686 1916 libris
710 1875 1002 1928 Quintilianeis
1023 1879 1156 1917 debita
1175 1878 1376 1930 postulare
1397 1874 1513 1914 vide-

59 1949 138 1991 tur,
169 1948 214 1978 ut
237 1938 382 1977 nullum
404 1943 621 1992 ejiciamus,
649 1959 899 1999 quamquam
919 1945 1056 1986 Cicero
1078 1948 1181 1984 sicut
1200 1960 1289 1992 non,
1317 1950 1512 1997 sequente

61 2006 325 2061 rte—quidem,
367 2006 451 2045 fere
488 2023 646 2061 semper
683 2014 853 2063 omittit,
894 2016 952 2053 ita
987 2015 1247 2065 negationem
1282 2013 1329 2049 in
1363 2011 1512 2049 talibus

60 2077 249 2123 vocibzm,
299 2078 434 2128 quales
472 2084 566 2115 sunt
605 2076 757 2126 nullus,
793 2079 913 2129 m'lzil,
952 2097 1085 2129 nemo,
1123 2094 1340 2134 nunquam,
1379 2080 1514 2116 laten-

60 2153 146 2184 tem
174 2157 258 2181 non
286 2144 468 2180 omittere
497 2145 612 2182 solet.
668 2142 771 2184 Dixi
811 2162 857 2186 ea
895 2148 945 2186 de
979 2164 1023 2186 re
1056 2150 1101 2186 in
1134 2145 1314 2188 Gramm.
1352 2143 1444 2185 Lat.
1473 2145 1511 2196 §-

60 2215 170 2260 726,
208 2209 276 2250 sed
312 2208 404 2247 vide
433 2212 554 2248 etiam
586 2209 866 2252 Turseninum
891 2230 931 2267 p.
961 2219 1038 2255 501
1070 2230 1134 2255 nr.
1166 2214 1250 2267 64.]
1361 2211 1431 2252 sed
1467 2228 1514 2250 ne

62 2277 129 2319 ad.
186 2275 312 2316 Turio
351 2286 385 2314 et
414 2276 481 2316 ad.
554 2276 661 2318 Flor.
702 2295 724 2318 a
765 2296 826 2333 pr.
867 2297 923 2322 m.
965 2297 1046 2322 om.
1093 2298 1152 2322 ne.
1274 2279 1514 2320 indicaturo.

64 2343 200 2386 Guelf.
230 2343 487 2383 indicaturus.
537 2343 676 2398 Camp.
701 2347 942 2399 judica111m.-
984 2349 1094 2390 Jens.
1112 2346 1338 2389 L00.Ve.n.
1357 2346 1514 2388 Cervic.

64 2412 172 2453 Sich.
203 2426 297 2451 oum
331 2411 421 2452 edd.
451 2426 510 2464 ap.
540 2411 684 2452 Burm.
715 2415 919 2457 indicanti.
1029 2419 1128 2456 satis
1168 2415 1218 2467 Q.
1251 2415 1345 2469 Lig.
1402 2414 1512 2456 Flor.

64 2482 235 2533 satisque
277 2477 372 2531 Lig.
441 2476 581 2532 Camp.
621 2483 719 2520 satis
757 2483 870 2537 quod.
911 2487 1097 2523 omittens
1141 2483 1357 2536 Ligarius,
1403 2483 1514 2538 quod

66 2550 204 2586 inserit
238 2555 326 2599 post
361 2549 528 2600 negotio.
653 2559 833 2601 spectans
867 2562 901 2590 et
939 2550 1006 2591 acl.
1062 2549 1200 2590 Etiam
1236 2550 1346 2592 Flor.
1383 2549 1513 2592 Amb.

71 2620 107 2654 1.
142 2620 180 2655 2.
220 2613 310 2656 I’ar.
337 2618 377 2654 1.
401 2619 441 2655 2.
473 2618 512 2655 5.
554 2617 668 2656 Voss.
694 2622 732 2657 3.
765 2621 894 2660 omitt.
925 2629 976 2660 ct.
1089 2618 1271 2675 affictus-
1326 2616 1452 2660 Amb.
1477 2623 1515 2658 1.
1537 2619 1545 2626 ”
