1721 2974
183 129 262 166 288
618 122 890 179 Supplemema
918 124 1188 175 'anneta-‘ionia

263 235 376 277 cond.
398 245 468 276 est.
515 234 584 276 Sic
616 237 736 275 etiam
759 233 867 275 Flor.
983 239 1105 279 ratio,
1149 234 1286 277 Turio.
1316 236 1457 292 Camp.
1485 241 1605 280 omit—

180 312 282 344 tunt.
390 305 499 358 petit.
555 302 691 345 Turio.
723 299 861 354 Camp.
892 300 984 341 dici.
1093 306 1378 345 sententiarum.
1423 305 1546 347 Amb.
1567 314 1607 347 2.

176 374 437 412 scientiarum.
521 370 625 409 verb.
647 370 771 422 ctfig.
823 367 963 422 Camp.
981 384 1019 410 v.
1038 381 1105 408 aut
1118 370 1164 428 j:

289 441 324 490 §.
351 444 392 479 2.
448 440 638 476 mitiores.
684 434 809 475 Aan.
834 441 870 475 1.
892 439 1074 480 minores.
1160 455 1308 493 semper
1327 449 1398 479 est.
1445 438 1552 480 Flor.
1573 457 1606 480 e.

175 523 210 547 s.
309 507 537 561 proponitur
566 526 622 534 -—-
654 505 777 542 varie.
832 502 956 543 Aan.
993 509 1031 544 1.
1056 521 1098 559 p,
1127 522 1201 545 uno
1230 505 1346 545 modo
1377 505 1542 546 solvitur
1566 522 1607 547 v.

173 574 207 614 F
208 577 279 615 lor.
296 590 339 628 p.
360 589 390 611 e.
414 589 451 610 n.
474 588 527 609 m.
548 568 643 610 haec
665 569 827 611 dissolv.
939 573 1004 610 sit.
1053 571 1192 627 Camp.
1208 575 1275 627 fit.
1378 573 1607 633 trfansf'erat.

174 641 310 681 Turio.
333 638 554 694 transferet.
638 637 806 678 molliat.
850 637 883 679 F
885 640 959 678 lor.
977 639 1140 680 molliet.
1223 651 1389 681 avertat.
1418 640 1546 680 Amb.
1568 645 1607 680 1.

172 718 312 747 vertat.
395 718 527 762 quare.
580 707 715 746 Guelf.
735 708 840 760 quia.
926 706 1015 745 inde
1035 718 1155 748 recia.
1200 705 1268 747 Sic
1286 707 1414 748 Amb.
1440 713 1478 749 1.
1497 707 1604 748 Flor.

170 775 260 816 I‘ar,
287 775 350 827 4.;
394 767 527 819 Voss.
551 777 590 813 ὃ.
620 775 661 812 in
681 772 850 815 derecta.
896 773 1013 815 Voss.
1043 780 1084 817 2.
1113 777 1154 816 in
1183 774 1366 817 dextera.
1475 787 1617 831 atque.>

171 842 267 884 Cam
300 873 309 882 .
337 851 385 882 ct.

268 858 318 963 ἓ.
349 914 390 951 3.
452 909 568 951 Tum.
620 907 746 950 Amb.
777 914 817 950 2.
848 924 1010 964 quoque
1038 912 1197 950 omittit.
1306 909 1607 967 praemeditata.

167 978 306 1019 Turio.
334 992 367 1017 :a
381 993 441 1031 pr.
461 993 518 1018 m.
547 976 580 1017 F
583 980 655 1018 lor.
687 975 822 1017 Guelf.
850 976 976 1018 Amb.
997 983 1039 1020 2.
1070 976 1193 1019 Goth.
1214 977 1323 1018 Jens.
1345 987 1384 1018 et
1406 979 1496 1018 edd.
1514 986 1606 1016 ante

168 1046 325 1098 colim,
365 1061 453 1085 exc.
476 1043 650 1098 cervia,
677 1043 968 1099 praemeditate.
1081 1048 1198 1086 etiam
1218 1049 1322 1100 inop.
1371 1043 1512 1098 Camp.
1540 1048 1608 1083 in-

166 1131 241 1154 ser.
263 1129 329 1154 eae.
414 1128 469 1153 cx
492 1129 533 1152 re
550 1115 651 1167 ipsa.
705 1115 843 1152 Guelf.
870 1119 946 1152 om.¹
973 1128 1042 1153 ωε.
1106 1111 1233 1152 Amb.
1254 1119 1296 1154 2.
1326 1122 1366 1152 et
1391 1113 1482 1152 edd.
1513 1121 1606 1150 ante

167 1181 320 1222 Cervic.
341 1196 395 1220 cx
415 1183 513 1235 ipso.
615 1179 778 1219 invidia.
821 1178 947 1220 Aan.
982 1185 1020 1220 1.
1051 1179 1256 1219 invidiam.
1352 1178 1418 1218 vel
1434 1181 1484 1218 si.
1535 1178 1605 1219 Sic

163 1250 288 1291 etiam
307 1248 429 1290 Amb.
452 1253 490 1287 1.
597 1249 818 1288 materiam.
865 1246 991 1288 Amb.
1014 1252 1054 1288 1.
1082 1249 1259 1287 materia.
1358 1247 1605 1302 szfficerur‘zi.

164 1316 306 1370 Camp.
327 1333 370 1354 su
409 1317 562 1355 ecc-rint.
658 1315 766 1354 Nam
784 1326 826 1354 ut
843 1314 961 1370 quod.
1008 1314 1131 1356 Amb.
1151 1320 1190 1355 2.
1208 1329 1288 1354 om.
1309 1324 1365 1354 ut.
1414 1314 1540 1354 Amb.
1565 1320 1604 1355 1.

163 1384 273 1425 Flor.
293 1387 415 1423 etiam
433 1399 664 1438 quamquam
685 1394 726 1421 ut
746 1382 862 1438 quod.
948 1393 1069 1423 lanto.
1105 1381 1230 1422 Aan.
1244 1386 1281 1421 1.
1301 1380 1438 1422 Turio.
1461 1380 1603 1435 Camp.

163 1463 328 1491 tamum.
435 1462 590 1505 quanto.
637 1450 745 1491 Jens.
773 1467 906 1506 quam.
1010 1467 1162 1491 sanare.
1207 1447 1348 1503 Camp.
1369 1465 1520 1490 sanere.

129 1519 336 1577 *saciliua
388 1517 513 1558 Aan.
536 1523 571 1559 1.
592 1518 777 1574 felicius.

275 1589 311 1639 §.
344 1587 385 1625 4.
445 1585 539 1639 quid
564 1585 784 1639 protulerit.
838 1585 965 1628 Amb.
985 1592 1026 1626 1.
1047 1592 1086 1627 2.
1118 1582 1212 1639 quid
1235 1583 1442 1641 proficerit.
1492 1582 1604 1624 Flor.

160 1654 251 1696 Par.
277 1659 316 1694 1.
335 1656 456 1692 etiam
472 1655 537 1707 qui
552 1653 762 1709 proficerit.
851 1653 1039 1693 Primum.
1087 1652 1197 1693 Jens.
1218 1661 1257 1692 et
1279 1653 1370 1691 edd.
1392 1660 1485 1691 ante
1504 1650 1601 1690 Ald.

158 1726 300 1778 primo.
384 1723 623 1760 arcessitum.
668 1717 790 1759 Amb.
817 1726 857 1761 2.
888 1723 1010 1759 etiam
1035 1722 1286 1770 accersitum,
1325 1720 1435 1758 idem
1466 1733 1518 1757 ex
1546 1721 1604 1757 si-

161 1793 287 1831 lentio
309 1787 434 1828 Amb.
457 1793 495 1828 1.
515 1788 662 1827 habere
687 1789 909 1842 censendus·
927 1797 997 1827 est.
1102 1790 1138 1826 si
1154 1797 1210 1825 est
1224 1803 1362 1841 propr.
1409 1784 1536 1826 Amb.
1564 1792 1603 1827 2.

161 1862 201 1897 εἰ
220 1873 274 1896 cx
290 1874 354 1911 pr.
432 1858 637 1910 proprium
656 1879 712 1886 —-
730 1866 798 1895 aut
821 1855 1111 1911 def'enclemlum.
1161 1854 1229 1894 Sic
1249 1854 1377 1894 Amb.
1398 1858 1437 1893 1.
1450 1884 1462 1904 ,
1494 1861 1604 1893 cete-

161 1928 215 1966 ris
236 1926 400 1964 omissiS·
505 1935 573 1963 aut
593 1923 919 1980 transferendum.
970 1921 1134 1962 Omittit
1159 1921 1300 1974 Camp-

274 1993 313 2045 §.
343 1994 381 2032 5.
440 1990 537 2031 ulla.
587 1991 716 2032 Amb.
740 1997 778 2031 1.
804 1990 919 2030 Alm.
937 1989 1048 2030 Jens.
1069 1987 1169 2030 Loc.
1192 1988 1280 2029 illa.
1383 1991 1451 2043 qui
1479 1987 1601 2028 nulla.

161 2059 291 2101 Amb.
321 2066 358 2101 2.
388 2059 483 2113 quial
503 2058 626 2099 nulla.
737 2058 843 2098 illac.
891 2057 1000 2098 Jens.
1022 2056 1123 2098 Loc.
1153 2056 1260 2097 Ven.
1282 2055 1363 2096 ille.
1473 2066 1603 2094 tamen

158 2139 312 2182 patroc.
359 2126 485 2166 Amb.
507 2132 547 2167 2.
564 2130 682 2167 inser.
703 2137 733 2166 t.
816 2141 885 2165 nos
899 2141 1110 2180 possemus.
1159 2123 1267 2165 Flor.
1287 2126 1408 2163 inser.
1425 2138 1522 2171 non,
1562 2129 1601 2161 et

162 2212 186 2236 a
205 2212 264 2250 pr.
285 2211 341 2236 m.
363 2210 578 2250 possumuS.

274 2264 311 2314 §.
346 2267 383 2302 6.
444 2261 623 2300 aliumve.
671 2257 803 2301 Guelf.
823 2260 987 2300 alumne.
1093 2257 1157 2297 lic.
1190 2256 1340 2296 dicend.
1389 2255 1457 2297 Sic
1479 2259 1601 2296 etiam

160 2330 285 2371 Amb.
312 2336 349 2371 1.
371 2330 461 2370 Par.
486 2334 523 2369 1.
581 2328 640 2368 At
660 2328 792 2369 Colin.
816 2331 933 2368 inser.
953 2328 1136 2367 dicemus.
1186 2324 1338 2364 Cervic.
1364 2323 1476 2364 Sich.
1500 2338 1601 2378 quo-

161 2414 238 2452 que
255 2401 380 2438 secuti
399 2406 493 2438 suut
511 2395 696 2450 Regium.
810 2396 999 2437 clementi.
1045 2394 1113 2435 Sic
1141 2395 1263 2433 etiam
1289 2390 1416 2431 Amb.
1436 2396 1477 2432 2.
1502 2389 1599 2431 I’ar.

160 2472 200 2505 2.
237 2470 275 2505 3.

274 2531 371 2585 [Ad
387 2534 558 2587 primum
581 2534 749 2572 omnium
769 2533 812 2569 111
841 2539 925 2570 not.
949 2544 1062 2582 exeg.
1087 2528 1186 2567 haec
1209 2527 1412 2579 adscr1psit
1434 2523 1597 2578 Spald.:

164 2598 226 2640 Cf.
248 2599 328 2640 Cic,
347 2604 390 2639 111
411 2598 528 2640 Catil,
548 2597 600 2649 Π,
625 2606 663 2651 9,
689 2605 741 2641 29
762 2599 823 2639 ed.
844 2597 968 2638 Beck.
999 2599 1165 2652 primum
1183 2588 1348 2635 omniuin
1370 2616 1425 2625 —-
1448 2591 1598 2644 deinde,
