1721 2974
384 150 425 159 o..
452 148 458 151 -

186 164 267 203 334
624 162 897 218 Supplementa
927 166 1194 203 annotationis

187 281 225 316 1.
253 281 294 316 2.
325 274 515 317 atellanie.
614 286 780 329 captent.
828 273 954 315 Amb.
987 279 1026 315 1.
1055 278 1178 315 etiam
1209 287 1381 330 captant.
1442 275 1636 331 [Verum'

184 343 342 384 videtur
370 347 574 384 restituere
611 342 840 383 Burmanni
874 345 1100 393 conjectura
1139 359 1163 383 a
1203 343 1439 398 Spaldingio
1470 346 1627 395 adjuta:

182 411 363 452 Atellani
390 427 410 450 e
437 427 543 450 more
571 410 768 461 captant]
854 426 935 449 nec.
983 409 1123 464 Camp.
1154 429 1279 467 neque.
1377 404 1403 452 ἆ
1429 411 1630 452 vilissimo.

182 476 309 518 Amb.
340 483 378 518 1.
408 477 516 517 Flor.
550 479 739 516 omittunt
768 492 816 527 a,
869 474 996 517 Amb.
1022 482 1058 517 1.
1091 494 1112 518 a
1143 495 1219 520 sec.
1250 495 1307 520 m.
1336 479 1546 519 vilissima.

171 546 280 603 jere.
333 544 472 597 Camp.
485 543 598 600 fore.
704 546 825 584 dixit.
873 542 942 583 Sic
973 547 1094 584 etiam
1123 546 1248 587 Amb.
1273 553 1311 587 1.
1410 549 1510 586 coci.
1562 544 1631 586 Sic

183 617 306 654 etiam
332 612 457 652 Amb.
488 615 526 650 1.
559 610 668 650 Flor.
784 610 834 650 ab
867 610 963 653 alio.
1021 612 1147 653 Amb.
1172 620 1211 654 1.
1250 613 1359 655 Flor.
1390 628 1550 669 quoque
1581 613 1632 652 ab

182 699 240 721 eo.
351 688 508 734 peteret.
565 677 693 718 Amb.
729 683 767 718 1.
794 688 957 733 poteret.
1086 682 1159 721 tibi
1191 681 1351 736 favebo.
1410 681 1480 723 Sic
1509 683 1633 721 etiam

180 748 304 790 Amb.
338 754 375 787 1.
408 745 516 785 Flor.
546 744 636 786 Par.
662 751 699 786 1.
721 752 761 787 2.
1582 788 1584 791 f

295 818 331 867 ᾗ.
361 814 432 854 48.
491 816 594 868 quia.
651 813 792 854 Turio.
833 830 856 854 a
884 831 946 868 pr.
975 831 1031 856 m.
1068 819 1145 871 qui.
1269 819 1436 857 omnino.
1495 814 1634 857 Guelf.

181 885 325 924 omnia.
441 880 551 922 belle.
603 879 671 921 Sic
696 885 818 921 etiam
834 881 961 923 Amb.
984 888 1021 923 1.
1051 883 1159 925 Flor.
1191 899 1215 924 a
1235 899 1314 925 sec.
1336 899 1416 936 nm,
1448 899 1472 924 a
1492 899 1554 938 pr.
1574 898 1635 924 m.

180 950 287 991 velle.
403 949 580 989 scurrile.
641 947 781 1002 Camp.
813 949 972 990 scm-ile.

292 1020 327 1071 §.
360 1018 426 1059 49.
481 1016 740 1072 praeclarum.
786 1017 923 1058 Turio.
953 1018 1177 1072 preclarum.
1265 1019 1493 1075 factarum.
1542 1017 1632 1058 Tu-

180 1090 250 1128 ric.
267 1087 494 1144 factorum.
597 1083 748 1124 Clodio.
797 1084 904 1124 Flor.
941 1084 1113 1125 Clodius.
1210 1085 1446 1126 devertisset.
1490 1085 1631 1126 Turie-

179 1156 290 1197 Jens.
319 1163 357 1193 et
387 1154 477 1193 edd.
509 1168 624 1192 meae
655 1161 746 1191 ante
777 1149 884 1191 Gibs.
915 1151 1146 1193 divertisset.
1271 1153 1444 1193 Clodius.
1491 1152 1632 1193 Turic-

181 1240 205 1264 a
226 1240 288 1277 pr.
308 1238 362 1262 m.
394 1221 561 1261 modius.
678 1219 783 1274 quocl
810 1219 881 1258 vel.
938 1219 1075 1260 Turic.
1112 1236 1135 1260 a
1159 1235 1237 1260 sec.
1270 1236 1327 1260 m.
1356 1237 1432 1275 quo
1462 1236 1502 1260 v.

293 1292 328 1343 §.
358 1295 425 1330 50.
478 1288 614 1328 Nulli.
673 1287 781 1327 Flor.
814 1286 945 1328 nullis.
1056 1288 1146 1343 plus
1177 1288 1281 1342 apud
1309 1305 1360 1329 se.
1412 1287 1481 1329 Sic
1513 1291 1633 1328 etiam

178 1358 286 1400 Flor.
373 1373 490 1411 neque
519 1355 676 1394 clusum.
723 1354 876 1395 Cel-vic.
906 1358 1028 1395 etiam
1056 1373 1172 1410 neque
1201 1355 1407 1397 inclusum.
1493 1358 1632 1410 signa-

178 1438 273 1467 ium.
323 1424 390 1465 Sic
430 1427 550 1464 etiam
578 1422 686 1462 Flor.
717 1422 808 1463 Par.
832 1428 870 1463 1.

294 1495 331 1544 §.
373 1496 441 1533 51.
513 1493 705 1543 aenigma.
763 1489 889 1530 Aan.
931 1495 970 1531 1.
1012 1484 1134 1530 etiam
1172 1493 1378 1544 enigmam.
1502 1488 1630 1544 quale.

178 1560 304 1603 Amb.
337 1566 375 1600 1.
409 1574 567 1614 quoque
598 1574 707 1612 quae.
824 1560 865 1596 in
896 1558 1124 1598 Pleion-ium.
1185 1556 1304 1598 Goth.
1334 1561 1376 1597 in
1399 1557 1632 1612 plecorium.

180 1629 319 1682 Camp.
351 1627 649 1681 implectorium.
695 1625 801 1665 Jens.
831 1624 953 1666 Tarv.
985 1626 1258 1680 impletorium.
1347 1636 1503 1665 mortua
1521 1636 1631 1666 esset.

178 1696 316 1737 Turio.
350 1711 372 1734 a
395 1709 532 1748 pr.,m.
563 1703 718 1731 mortua
746 1709 838 1731 esse.
953 1693 1214 1732 Dicebantur.
1263 1692 1401 1733 Turio.
1432 1708 1455 1732 a
1472 1708 1551 1733 sec.
1573 1707 1629 1733 m.

179 1764 393 1804 dicebatur.
492 1760 682 1819 feminae.
742 1758 881 1811 Camp.
902 1758 1097 1815 feminas.
1205 1775 1316 1800 conv.
1340 1759 1508 1799 adeam.
1561 1759 1630 1800 Sic

179 1835 304 1872 etiam
331 1830 439 1870 Flor.
541 1829 642 1867 hona
672 1830 764 1881 ejus·
817 1826 884 1867 Sic
916 1830 1036 1866 etiam
1065 1827 1179 1875 Flor.
1277 1828 1473 1867 venibant.
1504 1824 1631 1867 Amb.

180 1905 218 1940 1.
248 1902 369 1938 etiam
398 1899 605 1936 veniet-ant.
661 1894 772 1936 Flor.
802 1894 1015 1933 veniebant.
1132 1894 1274 1935 dictus.
1321 1892 1444 1934 Amb.
1467 1899 1505 1934 1.
1528 1909 1633 1950 quo-

178 1982 255 2022 que
287 1966 447 2005 dictum.

293 2035 330 2086 §.
363 2038 429 2074 52.
488 2030 726 2085 metalepsin.
786 2029 924 2070 Turio.
954 2031 995 2069 in
1023 2046 1083 2068 me
1111 2029 1228 2068 talem
1256 2031 1332 2069 sin.
1393 2026 1516 2069 Goth.
1548 2046 1631 2069 me-

179 2102 412 2156 ialmpsim.
473 2099 612 2152 Camp.
641 2097 867 2138 metalesim.
989 2097 1131 2136 eadem.
1183 2096 1252 2137 Sic
1284 2099 1405 2137 etiam
1433 2096 1560 2137 Amb.
1588 2103 1627 2138 1.

179 2170 289 2210 Flor.
321 2169 432 2210 Sich.
542 2166 729 2219 Augusti.
786 2165 913 2206 Amb.
943 2171 981 2206 1.
1011 2166 1043 2205 F
1047 2169 1119 2205 lor.
1152 2180 1311 2220 quoque
1340 2175 1541 2217 angustae.

181 2238 387 2278 dabantur.
426 2234 551 2275 Amb.
573 2240 611 2274 1.
641 2234 749 2274 Flor.
778 2234 935 2273 dabant.
1021 2233 1251 2273 heminaria.
1298 2230 1424 2271 Amb.
1448 2236 1486 2270 1.
1515 2230 1626 2272 Flor.

180 2309 303 2345 etiam
333 2305 602 2344 keminariam.
650 2301 789 2355 Camp.
821 2303 1062 2341 eminariam.
1158 2317 1270 2353 cong.
1304 2315 1510 2339 commune.
1558 2298 1627 2339 Sic

181 2377 304 2412 etiam
326 2371 450 2412 Amb.
478 2377 513 2411 1.
544 2370 652 2410 Flor.
681 2369 770 2410 I'ar.
798 2375 834 2410 1.
948 2385 1161 2408 mensurae.
1212 2366 1339 2407 Amb.
1364 2372 1401 2406 1.
1430 2382 1625 2406 mensura.

268 2457 330 2480 ea.
384 2439 452 2480 Sic
483 2442 604 2478 etiam
642 2437 770 2478 Amb.
804 2443 842 2478 1.
881 2437 991 2477 Flor.
1021 2436 1111 2477 Par.
1142 2441 1181 2476 1.
1294 2437 1336 2474 in
1362 2436 1624 2474 minutionem.

184 2506 251 2548 Sic
281 2511 404 2548 etiam
431 2507 521 2548 Par.
546 2511 583 2547 1.
634 2508 675 2544 in
701 2508 911 2545 minutione
936 2503 1063 2545 Amb.
1089 2509 1126 2544 1.
1158 2502 1265 2543 Flor.

296 2577 330 2627 §.
360 2580 423 2616 53.
482 2585 519 2614 et
548 2585 643 2614 tam.
690 2573 758 2614 Sic
787 2577 908 2613 etiam
934 2572 1043 2612 Flor.
1061 2570 1164 2612 ‚Pan
1187 2574 1224 2611 1.
1245 2575 1286 2612 2.
1342 2567 1404 2609 At
1431 2566 1558 2608 Amb.
1584 2572 1623 2608 1.

185 2641 280 2684 haec
301 2653 395 2685 tam.
481 2642 657 2697 adjectis.
696 2641 804 2685 Flor.
827 2655 988 2698 quoque
1009 2639 1164 2694 adjecit.
1250 2640 1347 2694 quia
1362 2639 1412 2679 is.
1439 2634 1623 2687 Amb.1.
