<?xml version="1.0" encoding="UTF-8"?>
<!DOCTYPE html PUBLIC "-//W3C//DTD XHTML 1.0 Transitional//EN"
    "http://www.w3.org/TR/xhtml1/DTD/xhtml1-transitional.dtd">
<html xmlns="http://www.w3.org/1999/xhtml" xml:lang="en" lang="en">
 <head>
  <title>
</title>
<meta http-equiv="Content-Type" content="text/html;charset=utf-8" />
  <meta name='ocr-system' content='tesseract 3.04.00' />
  <meta name='ocr-capabilities' content='ocr_page ocr_carea ocr_par ocr_line ocrx_word'/>
</head>
<body>
  <div class='ocr_page' id='page_1' title='image "./deinstitutioneor05quinuoft_0041.png"; bbox 0 0 1695 2974; ppageno 0'>
   <div class='ocr_carea' id='block_1_1' title="bbox 0 0 28 1933">
    <p class='ocr_par' dir='ltr' id='par_1_1' title="bbox 0 0 28 1933">
     <span class='ocr_line' id='line_1_1' title="bbox 0 0 28 1933; baseline 0 0"><span class='ocrx_word' id='word_1_1' title='bbox 0 0 28 1933; x_wconf 95' lang='lat' dir='ltr'><strong> </strong></span> 
     </span>
    </p>
   </div>
   <div class='ocr_carea' id='block_1_2' title="bbox 0 2033 14 2452">
    <p class='ocr_par' dir='ltr' id='par_1_2' title="bbox 0 2033 14 2452">
     <span class='ocr_line' id='line_1_2' title="bbox 0 2033 14 2452; baseline 0 522"><span class='ocrx_word' id='word_1_2' title='bbox 0 2033 14 2452; x_wconf 95' lang='lat' dir='ltr'><strong> </strong></span> 
     </span>
    </p>
   </div>
   <div class='ocr_carea' id='block_1_3' title="bbox 161 120 1554 180">
    <p class='ocr_par' dir='ltr' id='par_1_3' title="bbox 161 120 1554 180">
     <span class='ocr_line' id='line_1_3' title="bbox 161 120 1554 180; baseline -0.006 -13"><span class='ocrx_word' id='word_1_3' title='bbox 161 125 214 167; x_wconf 65' lang='grc' dir='ltr'><strong>αλ</strong></span> <span class='ocrx_word' id='word_1_4' title='bbox 235 123 400 180; x_wconf 76' lang='lat' dir='ltr'><strong>Quintil.</strong></span> <span class='ocrx_word' id='word_1_5' title='bbox 422 124 551 165; x_wconf 78' lang='lat' dir='ltr'><strong>Insiit.</strong></span> <span class='ocrx_word' id='word_1_6' title='bbox 573 122 608 173; x_wconf 85' lang='grc' dir='ltr'><strong>Ῑ,</strong></span> <span class='ocrx_word' id='word_1_7' title='bbox 629 137 800 178; x_wconf 84' lang='lat' dir='ltr'><strong>prooem.</strong></span> <span class='ocrx_word' id='word_1_8' title='bbox 834 120 871 171; x_wconf 84' lang='lat'><strong>§.</strong></span> <span class='ocrx_word' id='word_1_9' title='bbox 890 124 957 160; x_wconf 89' lang='grc'><strong>26.</strong></span> <span class='ocrx_word' id='word_1_10' title='bbox 982 124 1050 160; x_wconf 82' lang='lat'><strong>27.</strong></span> <span class='ocrx_word' id='word_1_11' title='bbox 1085 135 1173 174; x_wconf 81' lang='lat' dir='ltr'><strong>cap.</strong></span> <span class='ocrx_word' id='word_1_12' title='bbox 1201 126 1238 159; x_wconf 83' lang='lat'><strong>1.</strong></span> <span class='ocrx_word' id='word_1_13' title='bbox 1264 121 1346 170; x_wconf 86' lang='lat'><strong>§.1</strong></span> <span class='ocrx_word' id='word_1_14' title='bbox 1363 126 1468 160; x_wconf 80' lang='lat' dir='ltr'><strong>—b&#39;.</strong></span> <span class='ocrx_word' id='word_1_15' title='bbox 1530 128 1554 162; x_wconf 80' lang='grc'><strong>9</strong></span> 
     </span>
    </p>
   </div>
   <div class='ocr_carea' id='block_1_4' title="bbox 107 234 1636 1926">
    <p class='ocr_par' dir='ltr' id='par_1_4' title="bbox 107 234 1561 629">
     <span class='ocr_line' id='line_1_4' title="bbox 107 234 1557 292; baseline -0.006 -10"><span class='ocrx_word' id='word_1_16' title='bbox 107 256 256 292; x_wconf 79' lang='lat' dir='ltr'><strong>emor.;</strong></span> <span class='ocrx_word' id='word_1_17' title='bbox 286 241 408 280; x_wconf 84' lang='lat' dir='ltr'><strong>etiam</strong></span> <span class='ocrx_word' id='word_1_18' title='bbox 439 235 562 279; x_wconf 83' lang='lat' dir='ltr'><strong>Goth.</strong></span> <span class='ocrx_word' id='word_1_19' title='bbox 595 236 736 290; x_wconf 88' lang='lat' dir='ltr'><strong>Camp.</strong></span> <span class='ocrx_word' id='word_1_20' title='bbox 765 234 890 276; x_wconf 88' lang='lat' dir='ltr'><strong>Paris.</strong></span> <span class='ocrx_word' id='word_1_21' title='bbox 923 240 962 275; x_wconf 82' lang='lat'><strong>1.</strong></span> <span class='ocrx_word' id='word_1_22' title='bbox 993 239 1058 285; x_wconf 87' lang='lat'><strong>2.‚</strong></span> <span class='ocrx_word' id='word_1_23' title='bbox 1098 248 1232 288; x_wconf 83' lang='lat' dir='ltr'><strong>neque</strong></span> <span class='ocrx_word' id='word_1_24' title='bbox 1263 247 1315 272; x_wconf 82' lang='lat' dir='ltr'><strong>ex</strong></span> <span class='ocrx_word' id='word_1_25' title='bbox 1345 235 1428 273; x_wconf 89' lang='lat' dir='ltr'><strong>ullo</strong></span> <span class='ocrx_word' id='word_1_26' title='bbox 1456 235 1557 274; x_wconf 78' lang='lat' dir='ltr'><strong>llbro</strong></span> 
     </span>
     <span class='ocr_line' id='line_1_5' title="bbox 109 301 1557 359; baseline -0.006 -9"><span class='ocrx_word' id='word_1_27' title='bbox 109 324 184 350; x_wconf 84' lang='lat' dir='ltr'><strong>ms.</strong></span> <span class='ocrx_word' id='word_1_28' title='bbox 227 301 390 348; x_wconf 80' lang='lat' dir='ltr'><strong>affertui·</strong></span> <span class='ocrx_word' id='word_1_29' title='bbox 428 304 530 344; x_wconf 79' lang='lat' dir='ltr'><strong>dum.</strong></span> <span class='ocrx_word' id='word_1_30' title='bbox 647 304 715 344; x_wconf 81' lang='lat' dir='ltr'><strong>secl</strong></span> <span class='ocrx_word' id='word_1_31' title='bbox 750 302 840 358; x_wconf 82' lang='lat' dir='ltr'><strong>plus</strong></span> <span class='ocrx_word' id='word_1_32' title='bbox 876 303 1053 359; x_wconf 68' lang='lat' dir='ltr'><strong>efficiat,</strong></span> <span class='ocrx_word' id='word_1_33' title='bbox 1102 316 1184 341; x_wconf 87' lang='lat' dir='ltr'><strong>om.</strong></span> <span class='ocrx_word' id='word_1_34' title='bbox 1227 311 1289 350; x_wconf 79' lang='lat' dir='ltr'><strong>ut,</strong></span> <span class='ocrx_word' id='word_1_35' title='bbox 1340 302 1431 341; x_wconf 85' lang='lat' dir='ltr'><strong>edd.</strong></span> <span class='ocrx_word' id='word_1_36' title='bbox 1466 311 1557 341; x_wconf 85' lang='lat' dir='ltr'><strong>ante</strong></span> 
     </span>
     <span class='ocr_line' id='line_1_6' title="bbox 111 367 1557 425; baseline -0.005 -8"><span class='ocrx_word' id='word_1_37' title='bbox 111 377 224 418; x_wconf 82' lang='lat' dir='ltr'><strong>Sich.</strong></span> <span class='ocrx_word' id='word_1_38' title='bbox 261 391 345 416; x_wconf 85' lang='lat' dir='ltr'><strong>acc.</strong></span> <span class='ocrx_word' id='word_1_39' title='bbox 386 372 511 415; x_wconf 86' lang='lat' dir='ltr'><strong>Paris.</strong></span> <span class='ocrx_word' id='word_1_40' title='bbox 544 379 583 414; x_wconf 87' lang='lat'><strong>2.</strong></span> <span class='ocrx_word' id='word_1_41' title='bbox 627 382 666 413; x_wconf 78' lang='lat' dir='ltr'><strong>et</strong></span> <span class='ocrx_word' id='word_1_42' title='bbox 692 371 811 414; x_wconf 86' lang='lat' dir='ltr'><strong>Bodl.</strong></span> <span class='ocrx_word' id='word_1_43' title='bbox 850 371 917 410; x_wconf 78' lang='lat' dir='ltr'><strong>secl</strong></span> <span class='ocrx_word' id='word_1_44' title='bbox 943 370 1033 425; x_wconf 79' lang='lat' dir='ltr'><strong>plus</strong></span> <span class='ocrx_word' id='word_1_45' title='bbox 1065 370 1207 425; x_wconf 82' lang='lat' dir='ltr'><strong>efficiet</strong></span> <span class='ocrx_word' id='word_1_46' title='bbox 1247 367 1345 410; x_wconf 88' lang='lat' dir='ltr'><strong>Tur.</strong></span> <span class='ocrx_word' id='word_1_47' title='bbox 1393 367 1470 423; x_wconf 87' lang='lat' dir='ltr'><strong>(al.</strong></span> <span class='ocrx_word' id='word_1_48' title='bbox 1501 386 1557 410; x_wconf 88' lang='lat' dir='ltr'><strong>m.</strong></span> 
     </span>
     <span class='ocr_line' id='line_1_7' title="bbox 111 436 1561 500; baseline -0.006 -15"><span class='ocrx_word' id='word_1_49' title='bbox 111 461 212 486; x_wconf 88' lang='lat' dir='ltr'><strong>corr.</strong></span> <span class='ocrx_word' id='word_1_50' title='bbox 246 439 418 500; x_wconf 80' lang='lat' dir='ltr'><strong>efficiat)</strong></span> <span class='ocrx_word' id='word_1_51' title='bbox 458 439 586 481; x_wconf 83' lang='lat' dir='ltr'><strong>Amb.</strong></span> <span class='ocrx_word' id='word_1_52' title='bbox 619 446 656 481; x_wconf 89' lang='lat'><strong>1.</strong></span> <span class='ocrx_word' id='word_1_53' title='bbox 704 450 743 480; x_wconf 86' lang='lat' dir='ltr'><strong>et</strong></span> <span class='ocrx_word' id='word_1_54' title='bbox 781 439 905 480; x_wconf 83' lang='lat' dir='ltr'><strong>Paris.</strong></span> <span class='ocrx_word' id='word_1_55' title='bbox 938 443 973 478; x_wconf 86' lang='lat'><strong>1.</strong></span> <span class='ocrx_word' id='word_1_56' title='bbox 1012 437 1080 477; x_wconf 73' lang='lat' dir='ltr'><strong>sed</strong></span> <span class='ocrx_word' id='word_1_57' title='bbox 1110 447 1144 476; x_wconf 88' lang='lat' dir='ltr'><strong>et</strong></span> <span class='ocrx_word' id='word_1_58' title='bbox 1173 436 1263 492; x_wconf 78' lang='lat' dir='ltr'><strong>plus</strong></span> <span class='ocrx_word' id='word_1_59' title='bbox 1289 438 1430 494; x_wconf 76' lang='lat' dir='ltr'><strong>efficiet</strong></span> <span class='ocrx_word' id='word_1_60' title='bbox 1455 436 1561 476; x_wconf 79' lang='lat' dir='ltr'><strong>Flor.</strong></span> 
     </span>
     <span class='ocr_line' id='line_1_8' title="bbox 109 504 1557 560; baseline -0.006 -8"><span class='ocrx_word' id='word_1_61' title='bbox 109 511 266 553; x_wconf 80' lang='lat' dir='ltr'><strong>Almel.</strong></span> <span class='ocrx_word' id='word_1_62' title='bbox 380 518 509 548; x_wconf 75' lang='lat' dir='ltr'><strong>‘tamen</strong></span> <span class='ocrx_word' id='word_1_63' title='bbox 540 523 620 550; x_wconf 88' lang='lat' dir='ltr'><strong>om.</strong></span> <span class='ocrx_word' id='word_1_64' title='bbox 651 508 778 550; x_wconf 85' lang='lat' dir='ltr'><strong>Amb.</strong></span> <span class='ocrx_word' id='word_1_65' title='bbox 813 513 850 547; x_wconf 81' lang='lat'><strong>1.</strong></span> <span class='ocrx_word' id='word_1_66' title='bbox 886 504 1009 547; x_wconf 84' lang='lat' dir='ltr'><strong>Goth.</strong></span> <span class='ocrx_word' id='word_1_67' title='bbox 1041 505 1147 546; x_wconf 85' lang='lat' dir='ltr'><strong>Flor.</strong></span> <span class='ocrx_word' id='word_1_68' title='bbox 1179 508 1317 546; x_wconf 81' lang='lat' dir='ltr'><strong>Turio.</strong></span> <span class='ocrx_word' id='word_1_69' title='bbox 1356 504 1423 560; x_wconf 89' lang='lat' dir='ltr'><strong>(in</strong></span> <span class='ocrx_word' id='word_1_70' title='bbox 1451 504 1557 545; x_wconf 70' lang='lat' dir='ltr'><strong>Flos.</strong></span> 
     </span>
     <span class='ocr_line' id='line_1_9' title="bbox 110 572 951 629; baseline -0.007 -9"><span class='ocrx_word' id='word_1_71' title='bbox 110 589 152 620; x_wconf 85' lang='lat' dir='ltr'><strong>et</strong></span> <span class='ocrx_word' id='word_1_72' title='bbox 181 579 281 619; x_wconf 84' lang='lat' dir='ltr'><strong>Tur.</strong></span> <span class='ocrx_word' id='word_1_73' title='bbox 315 578 469 617; x_wconf 82' lang='lat' dir='ltr'><strong>addidit</strong></span> <span class='ocrx_word' id='word_1_74' title='bbox 496 587 624 616; x_wconf 78' lang='lat' dir='ltr'><strong>tamen</strong></span> <span class='ocrx_word' id='word_1_75' title='bbox 659 580 736 616; x_wconf 84' lang='lat' dir='ltr'><strong>alia</strong></span> <span class='ocrx_word' id='word_1_76' title='bbox 766 572 951 629; x_wconf 80' lang='lat' dir='ltr'><strong>manus).</strong></span> 
     </span>
    </p>

    <p class='ocr_par' dir='ltr' id='par_1_5' title="bbox 108 639 1636 1310">
     <span class='ocr_line' id='line_1_10' title="bbox 226 639 1636 700; baseline -0.004 -14"><span class='ocrx_word' id='word_1_77' title='bbox 226 647 263 698; x_wconf 86' lang='lat'><strong>§.</strong></span> <span class='ocrx_word' id='word_1_78' title='bbox 296 651 335 686; x_wconf 89' lang='lat'><strong>3.</strong></span> <span class='ocrx_word' id='word_1_79' title='bbox 395 644 491 685; x_wconf 87' lang='lat' dir='ltr'><strong>.Hoc</strong></span> <span class='ocrx_word' id='word_1_80' title='bbox 523 647 591 700; x_wconf 79' lang='lat' dir='ltr'><strong>qni</strong></span> <span class='ocrx_word' id='word_1_81' title='bbox 615 645 854 700; x_wconf 73' lang='lat' dir='ltr'><strong>perviderit,</strong></span> <span class='ocrx_word' id='word_1_82' title='bbox 894 645 1086 698; x_wconf 81' lang='lat' dir='ltr'><strong>protinus,</strong></span> <span class='ocrx_word' id='word_1_83' title='bbox 1146 639 1207 681; x_wconf 80' lang='lat' dir='ltr'><strong>Ita</strong></span> <span class='ocrx_word' id='word_1_84' title='bbox 1238 641 1340 682; x_wconf 77' lang='lat' dir='ltr'><strong>Bad.</strong></span> <span class='ocrx_word' id='word_1_85' title='bbox 1378 658 1398 680; x_wconf 89' lang='lat' dir='ltr'><strong>e</strong></span> <span class='ocrx_word' id='word_1_86' title='bbox 1429 642 1564 681; x_wconf 80' lang='lat' dir='ltr'><strong>codice</strong></span> <span class='ocrx_word' id='word_1_87' title='bbox 1633 673 1636 676; x_wconf 83' lang='lat'><strong>.</strong></span> 
     </span>
     <span class='ocr_line' id='line_1_11' title="bbox 110 708 1566 767; baseline -0.005 -12"><span class='ocrx_word' id='word_1_88' title='bbox 110 713 298 755; x_wconf 81' lang='lat' dir='ltr'><strong>Vallensi</strong></span> <span class='ocrx_word' id='word_1_89' title='bbox 339 713 633 767; x_wconf 78' lang='lat' dir='ltr'><strong>(adstipulante</strong></span> <span class='ocrx_word' id='word_1_90' title='bbox 673 712 866 753; x_wconf 85' lang='lat' dir='ltr'><strong>Pottierio</strong></span> <span class='ocrx_word' id='word_1_91' title='bbox 906 713 1003 751; x_wconf 90' lang='lat' dir='ltr'><strong>dum</strong></span> <span class='ocrx_word' id='word_1_92' title='bbox 1041 709 1166 751; x_wconf 85' lang='lat' dir='ltr'><strong>Paris.</strong></span> <span class='ocrx_word' id='word_1_93' title='bbox 1205 716 1244 750; x_wconf 82' lang='lat'><strong>2.</strong></span> <span class='ocrx_word' id='word_1_94' title='bbox 1284 708 1475 760; x_wconf 63' lang='lat' dir='ltr'><strong>laudat),</strong></span> <span class='ocrx_word' id='word_1_95' title='bbox 1527 719 1566 748; x_wconf 82' lang='lat' dir='ltr'><strong>et</strong></span> 
     </span>
     <span class='ocr_line' id='line_1_12' title="bbox 114 777 1566 834; baseline -0.004 -12"><span class='ocrx_word' id='word_1_96' title='bbox 114 798 253 822; x_wconf 87' lang='lat' dir='ltr'><strong>omnes</strong></span> <span class='ocrx_word' id='word_1_97' title='bbox 294 781 385 820; x_wconf 89' lang='lat' dir='ltr'><strong>edd.</strong></span> <span class='ocrx_word' id='word_1_98' title='bbox 426 790 516 834; x_wconf 84' lang='lat' dir='ltr'><strong>post</strong></span> <span class='ocrx_word' id='word_1_99' title='bbox 554 796 670 833; x_wconf 81' lang='lat' dir='ltr'><strong>eum3</strong></span> <span class='ocrx_word' id='word_1_100' title='bbox 723 795 805 820; x_wconf 85' lang='lat' dir='ltr'><strong>acc.</strong></span> <span class='ocrx_word' id='word_1_101' title='bbox 847 777 975 819; x_wconf 81' lang='lat' dir='ltr'><strong>Amb.</strong></span> <span class='ocrx_word' id='word_1_102' title='bbox 1010 783 1047 818; x_wconf 88' lang='lat'><strong>1.</strong></span> <span class='ocrx_word' id='word_1_103' title='bbox 1089 778 1157 832; x_wconf 86' lang='lat' dir='ltr'><strong>(in</strong></span> <span class='ocrx_word' id='word_1_104' title='bbox 1189 779 1266 817; x_wconf 83' lang='lat' dir='ltr'><strong>hoo</strong></span> <span class='ocrx_word' id='word_1_105' title='bbox 1309 782 1418 817; x_wconf 84' lang='lat' dir='ltr'><strong>enim</strong></span> <span class='ocrx_word' id='word_1_106' title='bbox 1446 780 1566 817; x_wconf 80' lang='lat' dir='ltr'><strong>verba</strong></span> 
     </span>
     <span class='ocr_line' id='line_1_13' title="bbox 108 848 1568 905; baseline -0.003 -17"><span class='ocrx_word' id='word_1_107' title='bbox 108 852 289 905; x_wconf 79' lang='lat' dir='ltr'><strong>protinus</strong></span> <span class='ocrx_word' id='word_1_108' title='bbox 321 859 363 887; x_wconf 83' lang='lat' dir='ltr'><strong>ut</strong></span> <span class='ocrx_word' id='word_1_109' title='bbox 393 851 484 898; x_wconf 78' lang='lat' dir='ltr'><strong>erit,</strong></span> <span class='ocrx_word' id='word_1_110' title='bbox 524 858 642 888; x_wconf 84' lang='lat' dir='ltr'><strong>antea</strong></span> <span class='ocrx_word' id='word_1_111' title='bbox 673 851 840 898; x_wconf 86' lang='lat' dir='ltr'><strong>omissa,</strong></span> <span class='ocrx_word' id='word_1_112' title='bbox 877 849 1018 887; x_wconf 85' lang='lat' dir='ltr'><strong>eadem</strong></span> <span class='ocrx_word' id='word_1_113' title='bbox 1049 850 1214 902; x_wconf 80' lang='lat' dir='ltr'><strong>antiqua</strong></span> <span class='ocrx_word' id='word_1_114' title='bbox 1239 861 1382 886; x_wconf 85' lang='lat' dir='ltr'><strong>manus</strong></span> <span class='ocrx_word' id='word_1_115' title='bbox 1404 848 1568 899; x_wconf 83' lang='lat' dir='ltr'>supple-</span> 
     </span>
     <span class='ocr_line' id='line_1_14' title="bbox 112 912 1570 972; baseline -0.003 -14"><span class='ocrx_word' id='word_1_116' title='bbox 112 916 216 970; x_wconf 76' lang='lat' dir='ltr'><strong>vit).</strong></span> <span class='ocrx_word' id='word_1_117' title='bbox 274 915 392 957; x_wconf 82' lang='lat' dir='ltr'><strong>Haec</strong></span> <span class='ocrx_word' id='word_1_118' title='bbox 422 919 563 972; x_wconf 83' lang='lat' dir='ltr'><strong>quippe</strong></span> <span class='ocrx_word' id='word_1_119' title='bbox 588 919 773 971; x_wconf 76' lang='lat' dir='ltr'><strong>protinus</strong></span> <span class='ocrx_word' id='word_1_120' title='bbox 810 915 919 956; x_wconf 88' lang='lat' dir='ltr'><strong>Jens.</strong></span> <span class='ocrx_word' id='word_1_121' title='bbox 962 914 1082 955; x_wconf 84' lang='lat' dir='ltr'><strong>Tarv.</strong></span> <span class='ocrx_word' id='word_1_122' title='bbox 1115 912 1250 954; x_wconf 84' lang='lat' dir='ltr'><strong>Guelf.</strong></span> <span class='ocrx_word' id='word_1_123' title='bbox 1308 914 1395 953; x_wconf 72' lang='lat' dir='ltr'><strong>Hic</strong></span> <span class='ocrx_word' id='word_1_124' title='bbox 1426 917 1570 969; x_wconf 78' lang='lat' dir='ltr'><strong>quippe</strong></span> 
     </span>
     <span class='ocr_line' id='line_1_15' title="bbox 111 981 1568 1041; baseline -0.001 -16"><span class='ocrx_word' id='word_1_125' title='bbox 111 987 292 1041; x_wconf 79' lang='lat' dir='ltr'><strong>&#39;protinus</strong></span> <span class='ocrx_word' id='word_1_126' title='bbox 331 983 440 1025; x_wconf 79' lang='lat' dir='ltr'><strong>Ven.</strong></span> <span class='ocrx_word' id='word_1_127' title='bbox 483 984 610 1025; x_wconf 87' lang='lat' dir='ltr'><strong>Goth.</strong></span> <span class='ocrx_word' id='word_1_128' title='bbox 669 983 764 1024; x_wconf 90' lang='lat' dir='ltr'><strong>Hoc</strong></span> <span class='ocrx_word' id='word_1_129' title='bbox 797 987 938 1039; x_wconf 82' lang='lat' dir='ltr'><strong>quippe</strong></span> <span class='ocrx_word' id='word_1_130' title='bbox 953 986 1133 1039; x_wconf 74' lang='lat' dir='ltr'><strong>protinus</strong></span> <span class='ocrx_word' id='word_1_131' title='bbox 1162 981 1261 1023; x_wconf 83' lang='lat' dir='ltr'>Loc.</span> <span class='ocrx_word' id='word_1_132' title='bbox 1296 982 1437 1036; x_wconf 85' lang='lat' dir='ltr'><strong>Camp.</strong></span> <span class='ocrx_word' id='word_1_133' title='bbox 1468 981 1568 1023; x_wconf 85' lang='lat' dir='ltr'><strong>Tur.</strong></span> 
     </span>
     <span class='ocr_line' id='line_1_16' title="bbox 115 1049 1572 1108; baseline -0.001 -15"><span class='ocrx_word' id='word_1_134' title='bbox 115 1052 214 1093; x_wconf 83' lang='lat' dir='ltr'><strong>Hac</strong></span> <span class='ocrx_word' id='word_1_135' title='bbox 240 1062 429 1108; x_wconf 79' lang='lat' dir='ltr'><strong>propter,</strong></span> <span class='ocrx_word' id='word_1_136' title='bbox 467 1054 647 1107; x_wconf 75' lang='lat' dir='ltr'><strong>protinus</strong></span> <span class='ocrx_word' id='word_1_137' title='bbox 677 1051 779 1093; x_wconf 87' lang='lat' dir='ltr'>Obr.</span> <span class='ocrx_word' id='word_1_138' title='bbox 839 1051 935 1092; x_wconf 81' lang='grc' dir='ltr'><strong>Ηοο</strong></span> <span class='ocrx_word' id='word_1_139' title='bbox 966 1055 1036 1106; x_wconf 81' lang='lat' dir='ltr'><strong>qui</strong></span> <span class='ocrx_word' id='word_1_140' title='bbox 1062 1051 1280 1106; x_wconf 71' lang='lat' dir='ltr'><strong>providerit</strong></span> <span class='ocrx_word' id='word_1_141' title='bbox 1318 1051 1419 1091; x_wconf 88' lang='lat' dir='ltr'><strong>Ald.</strong></span> <span class='ocrx_word' id='word_1_142' title='bbox 1453 1049 1572 1104; x_wconf 86' lang='lat' dir='ltr'><strong>(pro-</strong></span> 
     </span>
     <span class='ocr_line' id='line_1_17' title="bbox 114 1118 1569 1174; baseline -0.001 -13"><span class='ocrx_word' id='word_1_143' title='bbox 114 1123 238 1161; x_wconf 82' lang='lat' dir='ltr'><strong>bante</strong></span> <span class='ocrx_word' id='word_1_144' title='bbox 260 1118 447 1173; x_wconf 86' lang='lat' dir='ltr'><strong>Burm.).</strong></span> <span class='ocrx_word' id='word_1_145' title='bbox 508 1119 581 1159; x_wconf 73' lang='lat' dir='ltr'><strong>hoc</strong></span> <span class='ocrx_word' id='word_1_146' title='bbox 611 1122 752 1174; x_wconf 82' lang='lat' dir='ltr'><em>quippe</em></span> <span class='ocrx_word' id='word_1_147' title='bbox 780 1119 946 1170; x_wconf 74' lang='lat' dir='ltr'><strong>viderit,</strong></span> <span class='ocrx_word' id='word_1_148' title='bbox 986 1137 1027 1174; x_wconf 81' lang='lat' dir='ltr'><strong>p.</strong></span> <span class='ocrx_word' id='word_1_149' title='bbox 1057 1118 1215 1160; x_wconf 79' lang='lat' dir='ltr'><strong>Almel.</strong></span> <span class='ocrx_word' id='word_1_150' title='bbox 1245 1118 1370 1159; x_wconf 79' lang='lat' dir='ltr'><strong>Paris.</strong></span> <span class='ocrx_word' id='word_1_151' title='bbox 1396 1124 1432 1159; x_wconf 83' lang='grc'><strong>1.</strong></span> <span class='ocrx_word' id='word_1_152' title='bbox 1462 1118 1569 1160; x_wconf 85' lang='lat' dir='ltr'><strong>Flor.</strong></span> 
     </span>
     <span class='ocr_line' id='line_1_18' title="bbox 115 1187 1569 1244; baseline 0.001 -16"><span class='ocrx_word' id='word_1_153' title='bbox 115 1188 189 1244; x_wconf 87' lang='lat' dir='ltr'><strong>(in</strong></span> <span class='ocrx_word' id='word_1_154' title='bbox 207 1189 285 1229; x_wconf 82' lang='lat' dir='ltr'><strong>hoo</strong></span> <span class='ocrx_word' id='word_1_155' title='bbox 307 1191 358 1228; x_wconf 87' lang='lat' dir='ltr'><strong>al.</strong></span> <span class='ocrx_word' id='word_1_156' title='bbox 380 1203 435 1227; x_wconf 89' lang='lat' dir='ltr'><strong>m.</strong></span> <span class='ocrx_word' id='word_1_157' title='bbox 465 1188 670 1241; x_wconf 86' lang='lat' dir='ltr'><strong>adscripsit</strong></span> <span class='ocrx_word' id='word_1_158' title='bbox 695 1187 940 1244; x_wconf 77' lang='lat' dir='ltr'><strong>pervideat).</strong></span> <span class='ocrx_word' id='word_1_159' title='bbox 1001 1187 1097 1228; x_wconf 74' lang='lat' dir='ltr'><strong>haec</strong></span> <span class='ocrx_word' id='word_1_160' title='bbox 1127 1190 1194 1243; x_wconf 84' lang='lat' dir='ltr'><strong>qui</strong></span> <span class='ocrx_word' id='word_1_161' title='bbox 1220 1187 1460 1242; x_wconf 73' lang='lat' dir='ltr'><strong>praeviderit</strong></span> <span class='ocrx_word' id='word_1_162' title='bbox 1489 1196 1569 1229; x_wconf 85' lang='lat' dir='ltr'><strong>vet.</strong></span> 
     </span>
     <span class='ocr_line' id='line_1_19' title="bbox 118 1257 1510 1310; baseline -0.008 -13"><span class='ocrx_word' id='word_1_163' title='bbox 118 1257 207 1298; x_wconf 84' lang='lat' dir='ltr'><strong>cod.</strong></span> <span class='ocrx_word' id='word_1_164' title='bbox 241 1257 349 1310; x_wconf 85' lang='lat' dir='ltr'><strong>apud</strong></span> <span class='ocrx_word' id='word_1_165' title='bbox 378 1258 566 1308; x_wconf 79' lang='lat' dir='ltr'><strong>Regimn.</strong></span> <span class='ocrx_word' id='word_1_166' title='bbox 1507 1284 1510 1286; x_wconf 9' lang='lat' dir='ltr'><strong>a</strong></span> 
     </span>
    </p>

    <p class='ocr_par' dir='ltr' id='par_1_6' title="bbox 116 1320 1580 1926">
     <span class='ocr_line' id='line_1_20' title="bbox 235 1320 1459 1375; baseline 0.001 -13"><span class='ocrx_word' id='word_1_167' title='bbox 235 1326 272 1374; x_wconf 83' lang='lat'><strong>§.</strong></span> <span class='ocrx_word' id='word_1_168' title='bbox 306 1328 345 1364; x_wconf 89' lang='lat'><strong>5.</strong></span> <span class='ocrx_word' id='word_1_169' title='bbox 408 1322 571 1360; x_wconf 75' lang='lat' dir='ltr'><strong>rudibus</strong></span> <span class='ocrx_word' id='word_1_170' title='bbox 591 1323 732 1361; x_wconf 80' lang='lat' dir='ltr'><strong>animis</strong></span> <span class='ocrx_word' id='word_1_171' title='bbox 758 1320 859 1362; x_wconf 87' lang='lat' dir='ltr'><strong>Ald.</strong></span> <span class='ocrx_word' id='word_1_172' title='bbox 884 1321 1023 1375; x_wconf 82' lang='lat' dir='ltr'><strong>Camp.</strong></span> <span class='ocrx_word' id='word_1_173' title='bbox 1041 1321 1149 1361; x_wconf 82' lang='lat' dir='ltr'><strong>Flor.</strong></span> <span class='ocrx_word' id='word_1_174' title='bbox 1175 1320 1299 1362; x_wconf 84' lang='lat' dir='ltr'><strong>Goth.</strong></span> <span class='ocrx_word' id='word_1_175' title='bbox 1323 1321 1459 1363; x_wconf 84' lang='lat' dir='ltr'><strong>Turio.</strong></span> 
     </span>
     <span class='ocr_line' id='line_1_21' title="bbox 116 1388 1574 1447; baseline 0.003 -17"><span class='ocrx_word' id='word_1_176' title='bbox 116 1393 360 1447; x_wconf 81' lang='lat' dir='ltr'><em>percepimus</em></span> <span class='ocrx_word' id='word_1_177' title='bbox 390 1390 491 1430; x_wconf 87' lang='lat' dir='ltr'><strong>dant</strong></span> <span class='ocrx_word' id='word_1_178' title='bbox 521 1392 644 1429; x_wconf 80' lang='lat' dir='ltr'><strong>etiam</strong></span> <span class='ocrx_word' id='word_1_179' title='bbox 672 1388 958 1444; x_wconf 32' lang='lat' dir='ltr'><strong>VenssCamp.</strong></span> <span class='ocrx_word' id='word_1_180' title='bbox 989 1388 1112 1430; x_wconf 83' lang='lat' dir='ltr'><strong>Paris.</strong></span> <span class='ocrx_word' id='word_1_181' title='bbox 1149 1394 1185 1429; x_wconf 89' lang='lat'><strong>1.</strong></span> <span class='ocrx_word' id='word_1_182' title='bbox 1218 1395 1258 1431; x_wconf 84' lang='lat'><strong>2.</strong></span> <span class='ocrx_word' id='word_1_183' title='bbox 1296 1389 1404 1431; x_wconf 88' lang='lat' dir='ltr'><strong>Flor.</strong></span> <span class='ocrx_word' id='word_1_184' title='bbox 1438 1395 1574 1434; x_wconf 84' lang='lat' dir='ltr'><strong>Turio.</strong></span> 
     </span>
     <span class='ocr_line' id='line_1_22' title="bbox 118 1456 1574 1515; baseline 0.003 -17"><span class='ocrx_word' id='word_1_185' title='bbox 118 1461 387 1515; x_wconf 77' lang='lat' dir='ltr'><em>praecepimus</em></span> <span class='ocrx_word' id='word_1_186' title='bbox 416 1456 538 1498; x_wconf 84' lang='lat' dir='ltr'><strong>Tarv.</strong></span> <span class='ocrx_word' id='word_1_187' title='bbox 632 1474 708 1513; x_wconf 83' lang='lat' dir='ltr'><strong>quo</strong></span> <span class='ocrx_word' id='word_1_188' title='bbox 739 1457 935 1497; x_wconf 76' lang='lat' dir='ltr'><strong>deteriora</strong></span> <span class='ocrx_word' id='word_1_189' title='bbox 964 1467 1051 1496; x_wconf 77' lang='lat' dir='ltr'><strong>sunt</strong></span> <span class='ocrx_word' id='word_1_190' title='bbox 1080 1456 1208 1498; x_wconf 87' lang='lat' dir='ltr'><strong>Amb.</strong></span> <span class='ocrx_word' id='word_1_191' title='bbox 1237 1463 1274 1498; x_wconf 86' lang='lat'><strong>1.</strong></span> <span class='ocrx_word' id='word_1_192' title='bbox 1304 1458 1412 1500; x_wconf 63' lang='lat' dir='ltr'><strong>Flon</strong></span> <span class='ocrx_word' id='word_1_193' title='bbox 1438 1460 1574 1502; x_wconf 85' lang='lat' dir='ltr'><strong>Turio.</strong></span> 
     </span>
     <span class='ocr_line' id='line_1_23' title="bbox 123 1525 1578 1582; baseline 0.001 -15"><span class='ocrx_word' id='word_1_194' title='bbox 123 1527 193 1582; x_wconf 88' lang='lat' dir='ltr'><strong>(in</strong></span> <span class='ocrx_word' id='word_1_195' title='bbox 233 1528 311 1567; x_wconf 86' lang='lat' dir='ltr'><strong>hoc</strong></span> <span class='ocrx_word' id='word_1_196' title='bbox 350 1541 450 1567; x_wconf 77' lang='lat' dir='ltr'><strong>corr·</strong></span> <span class='ocrx_word' id='word_1_197' title='bbox 491 1529 542 1566; x_wconf 83' lang='lat' dir='ltr'><strong>al.</strong></span> <span class='ocrx_word' id='word_1_198' title='bbox 581 1541 636 1565; x_wconf 90' lang='lat' dir='ltr'><strong>m.</strong></span> <span class='ocrx_word' id='word_1_199' title='bbox 675 1525 799 1582; x_wconf 86' lang='lat' dir='ltr'><strong>quae)</strong></span> <span class='ocrx_word' id='word_1_200' title='bbox 840 1525 994 1566; x_wconf 79' lang='lat' dir='ltr'><strong>Almel.</strong></span> <span class='ocrx_word' id='word_1_201' title='bbox 1112 1542 1213 1565; x_wconf 81' lang='lat' dir='ltr'><strong>nunc</strong></span> <span class='ocrx_word' id='word_1_202' title='bbox 1246 1527 1426 1581; x_wconf 71' lang='lat' dir='ltr'><strong>q1ccmd03</strong></span> <span class='ocrx_word' id='word_1_203' title='bbox 1471 1529 1578 1570; x_wconf 79' lang='lat' dir='ltr'><strong>hanc</strong></span> 
     </span>
     <span class='ocr_line' id='line_1_24' title="bbox 123 1592 1577 1652; baseline 0.001 -17"><span class='ocrx_word' id='word_1_204' title='bbox 123 1596 451 1635; x_wconf 75' lang='lat' dir='ltr'><strong>emendationem</strong></span> <span class='ocrx_word' id='word_1_205' title='bbox 491 1593 640 1634; x_wconf 86' lang='lat' dir='ltr'><strong>Vallae</strong></span> <span class='ocrx_word' id='word_1_206' title='bbox 681 1611 785 1646; x_wconf 87' lang='lat' dir='ltr'><strong>esse,</strong></span> <span class='ocrx_word' id='word_1_207' title='bbox 838 1596 1049 1634; x_wconf 82' lang='lat' dir='ltr'><strong>annotavit</strong></span> <span class='ocrx_word' id='word_1_208' title='bbox 1085 1592 1261 1644; x_wconf 56' lang='lat' dir='ltr'><strong>Badius,</strong></span> <span class='ocrx_word' id='word_1_209' title='bbox 1302 1605 1341 1636; x_wconf 86' lang='lat' dir='ltr'><strong>et</strong></span> <span class='ocrx_word' id='word_1_210' title='bbox 1368 1605 1577 1652; x_wconf 85' lang='lat' dir='ltr'><strong>tamquam</strong></span> 
     </span>
     <span class='ocr_line' id='line_1_25' title="bbox 122 1661 1576 1718; baseline 0.001 -15"><span class='ocrx_word' id='word_1_211' title='bbox 122 1664 342 1704; x_wconf 85' lang='lat' dir='ltr'><strong>lectionem</strong></span> <span class='ocrx_word' id='word_1_212' title='bbox 372 1663 517 1703; x_wconf 84' lang='lat' dir='ltr'><strong>codicis</strong></span> <span class='ocrx_word' id='word_1_213' title='bbox 536 1661 662 1703; x_wconf 83' lang='lat' dir='ltr'><strong>Paris.</strong></span> <span class='ocrx_word' id='word_1_214' title='bbox 685 1669 724 1704; x_wconf 88' lang='lat'><strong>2.</strong></span> <span class='ocrx_word' id='word_1_215' title='bbox 756 1665 872 1703; x_wconf 85' lang='lat' dir='ltr'><strong>affert</strong></span> <span class='ocrx_word' id='word_1_216' title='bbox 892 1661 1121 1704; x_wconf 79' lang='lat' dir='ltr'><strong>Pottierius.</strong></span> <span class='ocrx_word' id='word_1_217' title='bbox 1181 1680 1271 1702; x_wconf 83' lang='lat' dir='ltr'><strong>nam</strong></span> <span class='ocrx_word' id='word_1_218' title='bbox 1302 1664 1457 1718; x_wconf 74' lang='lat' dir='ltr'><strong>quando</strong></span> <span class='ocrx_word' id='word_1_219' title='bbox 1478 1665 1576 1707; x_wconf 91' lang='lat' dir='ltr'><strong>Tur.</strong></span> 
     </span>
     <span class='ocr_line' id='line_1_26' title="bbox 121 1729 1577 1785; baseline 0.001 -12"><span class='ocrx_word' id='word_1_220' title='bbox 121 1729 231 1773; x_wconf 85' lang='lat' dir='ltr'><strong>Flor.</strong></span> <span class='ocrx_word' id='word_1_221' title='bbox 270 1730 390 1772; x_wconf 88' lang='lat' dir='ltr'><strong>Bodl.</strong></span> <span class='ocrx_word' id='word_1_222' title='bbox 428 1730 631 1771; x_wconf 79' lang='lat' dir='ltr'><strong>l&#39;oullain.</strong></span> <span class='ocrx_word' id='word_1_223' title='bbox 672 1731 796 1774; x_wconf 86' lang='lat' dir='ltr'><strong>Paris.</strong></span> <span class='ocrx_word' id='word_1_224' title='bbox 831 1736 868 1772; x_wconf 91' lang='lat'><strong>1.</strong></span> <span class='ocrx_word' id='word_1_225' title='bbox 914 1730 1056 1785; x_wconf 84' lang='lat' dir='ltr'><strong>Camp.</strong></span> <span class='ocrx_word' id='word_1_226' title='bbox 1109 1729 1244 1772; x_wconf 71' lang='lat' dir='ltr'><strong>Andr.</strong></span> <span class='ocrx_word' id='word_1_227' title='bbox 1298 1731 1408 1773; x_wconf 82' lang='lat' dir='ltr'><strong>Jens.</strong></span> <span class='ocrx_word' id='word_1_228' title='bbox 1457 1733 1577 1779; x_wconf 76' lang='lat' dir='ltr'><strong>Tarv.</strong></span> 
     </span>
     <span class='ocr_line' id='line_1_27' title="bbox 124 1797 1578 1856; baseline 0.003 -17"><span class='ocrx_word' id='word_1_229' title='bbox 124 1797 226 1840; x_wconf 89' lang='lat' dir='ltr'><strong>Loc.</strong></span> <span class='ocrx_word' id='word_1_230' title='bbox 258 1798 359 1839; x_wconf 90' lang='lat' dir='ltr'><strong>Ald.</strong></span> <span class='ocrx_word' id='word_1_231' title='bbox 420 1816 497 1839; x_wconf 84' lang='lat' dir='ltr'><strong>non</strong></span> <span class='ocrx_word' id='word_1_232' title='bbox 535 1799 689 1854; x_wconf 78' lang='lat' dir='ltr'><strong>quidem</strong></span> <span class='ocrx_word' id='word_1_233' title='bbox 728 1799 836 1841; x_wconf 82' lang='lat' dir='ltr'><strong>Ven.</strong></span> <span class='ocrx_word' id='word_1_234' title='bbox 899 1799 1078 1855; x_wconf 73' lang='lat' dir='ltr'><strong>quando,</strong></span> <span class='ocrx_word' id='word_1_235' title='bbox 1118 1813 1198 1840; x_wconf 88' lang='lat' dir='ltr'><strong>om.</strong></span> <span class='ocrx_word' id='word_1_236' title='bbox 1230 1817 1322 1839; x_wconf 81' lang='lat' dir='ltr'><strong>nam</strong></span> <span class='ocrx_word' id='word_1_237' title='bbox 1361 1799 1496 1856; x_wconf 85' lang='lat' dir='ltr'><strong>(quod</strong></span> <span class='ocrx_word' id='word_1_238' title='bbox 1527 1806 1578 1844; x_wconf 86' lang='lat' dir='ltr'><strong>al.</strong></span> 
     </span>
     <span class='ocr_line' id='line_1_28' title="bbox 126 1865 1580 1926; baseline 0.003 -20"><span class='ocrx_word' id='word_1_239' title='bbox 126 1883 236 1907; x_wconf 86' lang='lat' dir='ltr'><strong>mau.</strong></span> <span class='ocrx_word' id='word_1_240' title='bbox 260 1866 438 1922; x_wconf 83' lang='lat' dir='ltr'><strong>addidit)</strong></span> <span class='ocrx_word' id='word_1_241' title='bbox 468 1865 597 1909; x_wconf 87' lang='lat' dir='ltr'><strong>Amb.</strong></span> <span class='ocrx_word' id='word_1_242' title='bbox 620 1873 656 1908; x_wconf 91' lang='lat'><strong>1.</strong></span> <span class='ocrx_word' id='word_1_243' title='bbox 707 1878 749 1907; x_wconf 81' lang='lat' dir='ltr'><strong>at</strong></span> <span class='ocrx_word' id='word_1_244' title='bbox 771 1867 926 1923; x_wconf 69' lang='lat' dir='ltr'><strong>quando</strong></span> <span class='ocrx_word' id='word_1_245' title='bbox 956 1867 1056 1907; x_wconf 83' lang='lat' dir='ltr'><strong>Vid.</strong></span> <span class='ocrx_word' id='word_1_246' title='bbox 1080 1872 1202 1909; x_wconf 80' lang='lat'><strong>1538.</strong></span> <span class='ocrx_word' id='word_1_247' title='bbox 1239 1869 1366 1924; x_wconf 84' lang='lat'>(1527</span> <span class='ocrx_word' id='word_1_248' title='bbox 1387 1887 1487 1910; x_wconf 83' lang='lat' dir='ltr'><strong>nunc</strong></span> <span class='ocrx_word' id='word_1_249' title='bbox 1506 1870 1580 1926; x_wconf 82' lang='lat' dir='ltr'><strong>q.).</strong></span> 
     </span>
    </p>
   </div>
   <div class='ocr_carea' id='block_1_5' title="bbox 76 1934 1581 1992">
    <p class='ocr_par' dir='ltr' id='par_1_7' title="bbox 76 1934 1581 1992">
     <span class='ocr_line' id='line_1_29' title="bbox 76 1934 1581 1992; baseline 0.003 -19"><span class='ocrx_word' id='word_1_250' title='bbox 76 1960 80 1965; x_wconf 89' lang='lat'><em>-</em></span> <span class='ocrx_word' id='word_1_251' title='bbox 130 1934 366 1990; x_wconf 84' lang='lat' dir='ltr'><strong>[Equidem</strong></span> <span class='ocrx_word' id='word_1_252' title='bbox 415 1950 500 1975; x_wconf 86' lang='lat' dir='ltr'><strong>non</strong></span> <span class='ocrx_word' id='word_1_253' title='bbox 544 1936 814 1988; x_wconf 77' lang='lat' dir='ltr'><strong>dubitaverim</strong></span> <span class='ocrx_word' id='word_1_254' title='bbox 860 1936 1109 1992; x_wconf 77' lang='lat' dir='ltr'><strong>numquando</strong></span> <span class='ocrx_word' id='word_1_255' title='bbox 1164 1941 1372 1978; x_wconf 84' lang='lat' dir='ltr'><strong>restituere</strong></span> <span class='ocrx_word' id='word_1_256' title='bbox 1416 1943 1581 1989; x_wconf 87' lang='lat' dir='ltr'><strong>auctori,</strong></span> 
     </span>
    </p>
   </div>
   <div class='ocr_carea' id='block_1_6' title="bbox 127 2005 1589 2676">
    <p class='ocr_par' dir='ltr' id='par_1_8' title="bbox 128 2005 1585 2331">
     <span class='ocr_line' id='line_1_30' title="bbox 129 2005 1584 2062; baseline 0.005 -21"><span class='ocrx_word' id='word_1_257' title='bbox 129 2005 241 2054; x_wconf 87' lang='lat' dir='ltr'><strong>cujus</strong></span> <span class='ocrx_word' id='word_1_258' title='bbox 270 2006 424 2055; x_wconf 87' lang='lat' dir='ltr'><strong>generis</strong></span> <span class='ocrx_word' id='word_1_259' title='bbox 456 2007 675 2057; x_wconf 84' lang='lat' dir='ltr'><strong>composita</strong></span> <span class='ocrx_word' id='word_1_260' title='bbox 703 2007 938 2060; x_wconf 85' lang='lat' dir='ltr'><strong>ubicunque</strong></span> <span class='ocrx_word' id='word_1_261' title='bbox 970 2007 1161 2058; x_wconf 84' lang='lat' dir='ltr'><strong>leguntur</strong></span> <span class='ocrx_word' id='word_1_262' title='bbox 1189 2010 1409 2047; x_wconf 86' lang='lat' dir='ltr'><strong>scribarum</strong></span> <span class='ocrx_word' id='word_1_263' title='bbox 1438 2009 1584 2062; x_wconf 87' lang='lat' dir='ltr'><strong>depra-</strong></span> 
     </span>
     <span class='ocr_line' id='line_1_31' title="bbox 128 2072 1585 2129; baseline 0.003 -18"><span class='ocrx_word' id='word_1_264' title='bbox 128 2073 310 2111; x_wconf 76' lang='lat' dir='ltr'><strong>vationes</strong></span> <span class='ocrx_word' id='word_1_265' title='bbox 349 2080 512 2124; x_wconf 86' lang='lat' dir='ltr'><strong>experta</strong></span> <span class='ocrx_word' id='word_1_266' title='bbox 550 2081 658 2113; x_wconf 80' lang='lat' dir='ltr'><strong>suut.</strong></span> <span class='ocrx_word' id='word_1_267' title='bbox 718 2072 802 2114; x_wconf 83' lang='lat' dir='ltr'><strong>Nec</strong></span> <span class='ocrx_word' id='word_1_268' title='bbox 838 2076 1022 2126; x_wconf 86' lang='lat' dir='ltr'><strong>intelligo</strong></span> <span class='ocrx_word' id='word_1_269' title='bbox 1067 2089 1137 2113; x_wconf 82' lang='lat' dir='ltr'><strong>cur</strong></span> <span class='ocrx_word' id='word_1_270' title='bbox 1179 2075 1284 2114; x_wconf 87' lang='lat' dir='ltr'><strong>illud</strong></span> <span class='ocrx_word' id='word_1_271' title='bbox 1322 2074 1585 2129; x_wconf 85' lang='lat' dir='ltr'><strong>Spaldingius</strong></span> 
     </span>
     <span class='ocr_line' id='line_1_32' title="bbox 129 2140 1584 2191; baseline 0.005 -14"><span class='ocrx_word' id='word_1_272' title='bbox 129 2140 378 2178; x_wconf 84' lang='lat' dir='ltr'><strong>salebrosum</strong></span> <span class='ocrx_word' id='word_1_273' title='bbox 404 2141 579 2191; x_wconf 78' lang='lat' dir='ltr'><strong>putarit:</strong></span> <span class='ocrx_word' id='word_1_274' title='bbox 623 2156 721 2180; x_wconf 82' lang='lat' dir='ltr'><strong>nam</strong></span> <span class='ocrx_word' id='word_1_275' title='bbox 748 2143 945 2181; x_wconf 85' lang='lat' dir='ltr'><strong>sententia</strong></span> <span class='ocrx_word' id='word_1_276' title='bbox 974 2151 1079 2181; x_wconf 85' lang='lat' dir='ltr'><strong>certe</strong></span> <span class='ocrx_word' id='word_1_277' title='bbox 1101 2143 1202 2182; x_wconf 85' lang='lat' dir='ltr'><strong>haec</strong></span> <span class='ocrx_word' id='word_1_278' title='bbox 1227 2153 1306 2183; x_wconf 88' lang='lat' dir='ltr'><strong>est:</strong></span> <span class='ocrx_word' id='word_1_279' title='bbox 1340 2145 1457 2183; x_wconf 85' lang='lat' dir='ltr'><strong>facile</strong></span> <span class='ocrx_word' id='word_1_280' title='bbox 1477 2146 1584 2184; x_wconf 85' lang='lat' dir='ltr'><strong>bona</strong></span> 
     </span>
     <span class='ocr_line' id='line_1_33' title="bbox 132 2210 1584 2267; baseline 0.003 -20"><span class='ocrx_word' id='word_1_281' title='bbox 132 2215 466 2260; x_wconf 82' lang='lat' dir='ltr'><strong>corrumpuntur,</strong></span> <span class='ocrx_word' id='word_1_282' title='bbox 515 2217 556 2248; x_wconf 90' lang='lat' dir='ltr'><strong>at</strong></span> <span class='ocrx_word' id='word_1_283' title='bbox 583 2210 687 2248; x_wconf 88' lang='lat' dir='ltr'><strong>illud</strong></span> <span class='ocrx_word' id='word_1_284' title='bbox 717 2210 887 2248; x_wconf 84' lang='lat' dir='ltr'><strong>dubium</strong></span> <span class='ocrx_word' id='word_1_285' title='bbox 915 2217 993 2260; x_wconf 84' lang='lat' dir='ltr'><strong>est,</strong></span> <span class='ocrx_word' id='word_1_286' title='bbox 1038 2212 1072 2249; x_wconf 90' lang='lat' dir='ltr'><strong>si</strong></span> <span class='ocrx_word' id='word_1_287' title='bbox 1099 2213 1208 2250; x_wconf 84' lang='lat' dir='ltr'><strong>mala</strong></span> <span class='ocrx_word' id='word_1_288' title='bbox 1236 2213 1334 2251; x_wconf 81' lang='lat' dir='ltr'><strong>velis</strong></span> <span class='ocrx_word' id='word_1_289' title='bbox 1366 2212 1584 2267; x_wconf 85' lang='lat' dir='ltr'><strong>aliquando</strong></span> 
     </span>
     <span class='ocr_line' id='line_1_34' title="bbox 131 2275 1266 2331; baseline 0.004 -17"><span class='ocrx_word' id='word_1_290' title='bbox 131 2275 372 2326; x_wconf 70' lang='lat' dir='ltr'><strong>emendare,</strong></span> <span class='ocrx_word' id='word_1_291' title='bbox 413 2290 515 2314; x_wconf 81' lang='lat' dir='ltr'><strong>num</strong></span> <span class='ocrx_word' id='word_1_292' title='bbox 543 2277 725 2316; x_wconf 86' lang='lat' dir='ltr'><strong>futurum</strong></span> <span class='ocrx_word' id='word_1_293' title='bbox 755 2280 805 2316; x_wconf 87' lang='lat' dir='ltr'><strong>sit</strong></span> <span class='ocrx_word' id='word_1_294' title='bbox 833 2286 878 2317; x_wconf 88' lang='lat' dir='ltr'><strong>ut</strong></span> <span class='ocrx_word' id='word_1_295' title='bbox 908 2279 984 2317; x_wconf 81' lang='lat' dir='ltr'><strong>tibi</strong></span> <span class='ocrx_word' id='word_1_296' title='bbox 1012 2277 1266 2331; x_wconf 86' lang='lat' dir='ltr'><strong>contingat.]</strong></span> 
     </span>
    </p>

    <p class='ocr_par' dir='ltr' id='par_1_9' title="bbox 127 2341 1589 2676">
     <span class='ocr_line' id='line_1_35' title="bbox 248 2341 1589 2402; baseline 0.004 -19"><span class='ocrx_word' id='word_1_297' title='bbox 248 2343 287 2393; x_wconf 84' lang='lat'><strong>§.</strong></span> <span class='ocrx_word' id='word_1_298' title='bbox 321 2346 358 2382; x_wconf 90' lang='grc'>6.</span> <span class='ocrx_word' id='word_1_299' title='bbox 421 2341 568 2384; x_wconf 81' lang='lat' dir='ltr'><strong>Verum</strong></span> <span class='ocrx_word' id='word_1_300' title='bbox 604 2360 683 2386; x_wconf 89' lang='lat' dir='ltr'><strong>om.</strong></span> <span class='ocrx_word' id='word_1_301' title='bbox 714 2343 843 2386; x_wconf 85' lang='lat' dir='ltr'><strong>Amb.</strong></span> <span class='ocrx_word' id='word_1_302' title='bbox 865 2350 904 2385; x_wconf 88' lang='lat'><strong>1.</strong></span> <span class='ocrx_word' id='word_1_303' title='bbox 936 2344 1008 2400; x_wconf 88' lang='lat' dir='ltr'><strong>(ut</strong></span> <span class='ocrx_word' id='word_1_304' title='bbox 1037 2348 1139 2398; x_wconf 86' lang='lat' dir='ltr'><strong>conj.</strong></span> <span class='ocrx_word' id='word_1_305' title='bbox 1171 2345 1354 2402; x_wconf 87' lang='lat' dir='ltr'><strong>Spald.).</strong></span> <span class='ocrx_word' id='word_1_306' title='bbox 1448 2347 1589 2388; x_wconf 81' lang='lat' dir='ltr'><strong>Laelii</strong></span> 
     </span>
     <span class='ocr_line' id='line_1_36' title="bbox 127 2410 1587 2471; baseline 0.005 -21"><span class='ocrx_word' id='word_1_307' title='bbox 127 2410 236 2467; x_wconf 82' lang='lat' dir='ltr'><strong>filia.</strong></span> <span class='ocrx_word' id='word_1_308' title='bbox 285 2410 377 2450; x_wconf 67' lang='lat' dir='ltr'><strong>lolia</strong></span> <span class='ocrx_word' id='word_1_309' title='bbox 414 2410 523 2466; x_wconf 90' lang='lat' dir='ltr'><strong>(om.</strong></span> <span class='ocrx_word' id='word_1_310' title='bbox 542 2412 667 2468; x_wconf 80' lang='lat' dir='ltr'><strong>filia)</strong></span> <span class='ocrx_word' id='word_1_311' title='bbox 708 2412 836 2454; x_wconf 88' lang='lat' dir='ltr'><strong>Amb.</strong></span> <span class='ocrx_word' id='word_1_312' title='bbox 871 2418 909 2453; x_wconf 88' lang='grc'><strong>1.</strong></span> <span class='ocrx_word' id='word_1_313' title='bbox 971 2412 1084 2453; x_wconf 80' lang='lat' dir='ltr'><strong>leliae</strong></span> <span class='ocrx_word' id='word_1_314' title='bbox 1106 2414 1207 2470; x_wconf 83' lang='lat' dir='ltr'><strong>filia</strong></span> <span class='ocrx_word' id='word_1_315' title='bbox 1245 2415 1343 2456; x_wconf 87' lang='lat' dir='ltr'><strong>Tur.</strong></span> <span class='ocrx_word' id='word_1_316' title='bbox 1374 2415 1483 2458; x_wconf 86' lang='lat' dir='ltr'><strong>Flor.</strong></span> <span class='ocrx_word' id='word_1_317' title='bbox 1517 2417 1587 2471; x_wconf 88' lang='lat' dir='ltr'><strong>(in</strong></span> 
     </span>
     <span class='ocr_line' id='line_1_37' title="bbox 133 2478 1584 2548; baseline 0.006 -29"><span class='ocrx_word' id='word_1_318' title='bbox 133 2478 243 2521; x_wconf 87' lang='lat' dir='ltr'><strong>Flor.</strong></span> <span class='ocrx_word' id='word_1_319' title='bbox 276 2481 329 2520; x_wconf 84' lang='lat' dir='ltr'><strong>al.</strong></span> <span class='ocrx_word' id='word_1_320' title='bbox 360 2495 415 2519; x_wconf 79' lang='lat' dir='ltr'><strong>m.</strong></span> <span class='ocrx_word' id='word_1_321' title='bbox 447 2495 546 2522; x_wconf 86' lang='lat' dir='ltr'><strong>corr.</strong></span> <span class='ocrx_word' id='word_1_322' title='bbox 580 2478 759 2538; x_wconf 81' lang='lat' dir='ltr'><strong>Zeliif.)</strong></span> <span class='ocrx_word' id='word_1_323' title='bbox 849 2480 1060 2548; x_wconf 47' lang='lat' dir='ltr'><strong><em>Horten&amp;</em></strong></span> <span class='ocrx_word' id='word_1_324' title='bbox 1091 2482 1140 2534; x_wconf 81' lang='lat' dir='ltr'><strong>Q.</strong></span> <span class='ocrx_word' id='word_1_325' title='bbox 1159 2480 1283 2539; x_wconf 76' lang='lat' dir='ltr'><strong>filiae</strong></span> <span class='ocrx_word' id='word_1_326' title='bbox 1313 2483 1454 2540; x_wconf 86' lang='lat' dir='ltr'><strong>Camp.</strong></span> <span class='ocrx_word' id='word_1_327' title='bbox 1483 2485 1584 2527; x_wconf 84' lang='lat' dir='ltr'><strong>Tur.</strong></span> 
     </span>
     <span class='ocr_line' id='line_1_38' title="bbox 134 2544 1586 2607; baseline 0.006 -21"><span class='ocrx_word' id='word_1_328' title='bbox 134 2544 185 2587; x_wconf 89' lang='lat' dir='ltr'><strong>In</strong></span> <span class='ocrx_word' id='word_1_329' title='bbox 214 2545 342 2589; x_wconf 87' lang='lat' dir='ltr'><strong>Amb.</strong></span> <span class='ocrx_word' id='word_1_330' title='bbox 369 2553 407 2589; x_wconf 91' lang='lat'><strong>1.</strong></span> <span class='ocrx_word' id='word_1_331' title='bbox 452 2548 553 2590; x_wconf 83' lang='lat' dir='ltr'><strong>haec</strong></span> <span class='ocrx_word' id='word_1_332' title='bbox 593 2558 711 2590; x_wconf 86' lang='lat' dir='ltr'><strong>sunt:</strong></span> <span class='ocrx_word' id='word_1_333' title='bbox 752 2548 971 2590; x_wconf 70' lang='lat' dir='ltr'><strong>hortensiae</strong></span> <span class='ocrx_word' id='word_1_334' title='bbox 999 2567 1046 2606; x_wconf 86' lang='lat' dir='ltr'><strong>qe</strong></span> <span class='ocrx_word' id='word_1_335' title='bbox 1062 2550 1206 2607; x_wconf 72' lang='lat' dir='ltr'><strong>filiae3</strong></span> <span class='ocrx_word' id='word_1_336' title='bbox 1242 2562 1405 2593; x_wconf 82' lang='lat' dir='ltr'><strong>notatur</strong></span> <span class='ocrx_word' id='word_1_337' title='bbox 1433 2562 1586 2605; x_wconf 87' lang='lat' dir='ltr'><strong>tamen,</strong></span> 
     </span>
     <span class='ocr_line' id='line_1_39' title="bbox 137 2615 1587 2676; baseline 0.006 -21"><span class='ocrx_word' id='word_1_338' title='bbox 137 2615 236 2657; x_wconf 75' lang='lat' dir='ltr'><strong>duas</strong></span> <span class='ocrx_word' id='word_1_339' title='bbox 266 2625 431 2672; x_wconf 77' lang='lat' dir='ltr'><strong>posterr.</strong></span> <span class='ocrx_word' id='word_1_340' title='bbox 463 2633 580 2660; x_wconf 79' lang='lat' dir='ltr'><strong>voces</strong></span> <span class='ocrx_word' id='word_1_341' title='bbox 610 2620 773 2673; x_wconf 79' lang='lat' dir='ltr'><strong>scriptas</strong></span> <span class='ocrx_word' id='word_1_342' title='bbox 803 2634 885 2660; x_wconf 85' lang='lat' dir='ltr'><strong>esse</strong></span> <span class='ocrx_word' id='word_1_343' title='bbox 925 2635 949 2660; x_wconf 84' lang='lat' dir='ltr'><strong>a</strong></span> <span class='ocrx_word' id='word_1_344' title='bbox 984 2635 1109 2661; x_wconf 85' lang='lat' dir='ltr'><strong>manu</strong></span> <span class='ocrx_word' id='word_1_345' title='bbox 1146 2622 1322 2662; x_wconf 77' lang='lat' dir='ltr'><strong>secunda</strong></span> <span class='ocrx_word' id='word_1_346' title='bbox 1358 2637 1475 2676; x_wconf 86' lang='lat' dir='ltr'><strong>super</strong></span> <span class='ocrx_word' id='word_1_347' title='bbox 1505 2625 1587 2663; x_wconf 88' lang='lat' dir='ltr'><strong>ori-</strong></span> 
     </span>
    </p>
   </div>
  </div>
 </body>
</html>
