1695 2974
1525 175 1579 210 lX

137 272 382 314 brosianum
407 272 604 327 priorem
631 276 803 313 ‘nactus'
830 278 957 313 esset.
990 275 994 280 '
1029 259 1204 312 Verum·
1233 270 1314 312 ille*
1346 271 1579 314 Florentini

135 352 294 393 codicis
323 351 534 404 excerptis
565 350 733 390 demum
764 350 816 392 ab
839 349 949 391 libro
968 349 1054 391 Vll
1085 353 1212 406 cap.6
1242 352 1316 404 §.7
1345 353 1407 392 uti
1429 354 1579 407 coepit,

133 435 212 471 nec
240 429 570 471 Ambrosianum
599 427 719 469 illum
746 429 1099 484 antiquissimum,
1130 431 1232 470 item
1261 428 1440 470 alterum
1469 432 1583 484 ejus-

79 527 83 532 *
131 510 227 550 dem
257 506 565 558 bibliothecae,
606 505 734 562 longe
769 498 941 561 'quidem
969 504 1109 561 priore
1139 498 1392 550 deteriorem
1423 500 1499 550 sed
1528 511 1582 549 ne

129 587 191 626 sic
221 585 390 640 quidem
417 583 625 636 inutilem,
655 585 738 625 nisi
768 584 903 626 obiter
931 599 1006 640 per
1025 587 1378 640 opportunitatem
1399 589 1583 643 suscepti

129 665 176 704 in
207 663 373 704 Italiam
401 664 594 714 itineris,
648 664 747 704 dum
787 665 900 704 tertii
930 656 1156 705 voluminis
1188 665 1418 706 editionem
1447 675 1581 721 parat,

129 744 339 797 inspexit,
369 744 579 798 integram
606 744 824 797 utriusque
853 744 1140 784 diversitatem
1169 745 1404 799 scripturae
1434 759 1582 786 excer-

131 831 245 876 ptam
273 820 400 876 paulo
429 830 526 861 ante
557 820 719 861 obitum
750 824 923 877 accepit.
979 821 1125 878 Itaque
1155 837 1262 865 rara·
1281 824 1508 865 admodum
1538 833 1582 865 et

131 901 324 955 dispersa
360 901 519 941 mentio
561 901 754 940 codicum
785 899 1165 942 Ambrosianorum
1196 901 1246 942 fit
1272 916 1347 956 per
1374 901 1481 944 ill'ud
1511 917 1584 944 vo-

127 976 295 1029 lumen,
346 980 429 1019 nisi
468 979 580 1035 quod
618 993 703 1019 eos
734 979 778 1018 in
820 976 930 1019 libro
960 994 1073 1021 nono
1103 980 1316 1036 aliquanto
1347 983 1583 1023 accuratius

130 1055 403 1112 Spaldingius
433 1058 713 1112 comparavit,
761 1055 1090 1099 Ambrosianum
1120 1059 1140 1100 I
1170 1061 1338 1115 quidem
1368 1075 1500 1116 usque
1529 1061 1583 1102 ad

135 1141 269 1191 cap.4
298 1139 334 1186 ξ.
354 1141 457 1186 135,
488 1150 569 1191 quo
600 1134 711 1185 loco,
743 1135 1030 1190 compluribus
1060 1137 1176 1179 foliis
1207 1139 1450 1194 deperditis,
1478 1141 1585 1195 opfi-

130 1229 224 1255 mus
262 1214 335 1255 iile
376 1214 485 1256 liber
527 1213 692 1264 deficit,
745 1228 881 1269 neque
916 1214 1011 1255 luce
1041 1229 1120 1255 sua
1150 1225 1246 1256 ante
1276 1218 1414 1270 ipsum
1443 1218 1582 1272 operis

129 1292 342 1348 epilogum
362 1308 527 1334 crassas
546 1302 782 1333 ceterorum
807 1293 1001 1332 codicum
1021 1293 1217 1334 tenebras
1235 1294 1449 1345 diffundit,
1479 1293 1582 1335 Am-

128 1371 374 1413 brosianum
399 1371 441 1413 II
469 1386 603 1427 usque
634 1371 687 1411 ad
717 1375 843 1425 cap.3
875 1373 912 1421 ξ.
928 1376 968 1422 2,
1001 1371 1075 1413 ubi
1103 1373 1338 1427 interrupto
1356 1372 1583 1414 verborum

130 1459 249 1492 textu
279 1450 432 1492 lacuna
470 1451 651 1506 pertinet
690 1450 744 1490 ad
775 1449 850 1491 lib.
882 1449 950 1501 X,
983 1455 1030 1501 1,
1065 1454 1159 1493 108.
1220 1451 1304 1492 Sed
1335 1465 1389 1492 ne
1418 1451 1470 1493 ab
1502 1451 1584 1493 hoc

130 1531 230 1571 inde
261 1529 356 1571 loco
395 1544 528 1586 usque
573 1530 624 1570 ad
655 1528 730 1570 lib.
764 1527 852 1579 XI,
885 1533 933 1580 1,
965 1533 1042 1580 72,
1083 1530 1158 1571 ubi
1197 1531 1336 1572 denuo
1375 1530 1445 1572 hic
1472 1530 1584 1572 liber

127 1607 324 1650 lacunam
372 1609 523 1660 habet,
575 1608 848 1664 Spaldingius
889 1609 984 1662 ejus
1026 1607 1291 1650 variantibus
1327 1608 1583 1651 lectionibus

132 1703 232 1729 usus
263 1697 349 1739 est,
387 1696 679 1744 praeterquam
707 1688 751 1727 in
780 1686 855 1728 illa
883 1696 1000 1743 parte
1030 1688 1176 1742 capitis
1206 1688 1332 1742 primi
1364 1687 1465 1728 libri
1495 1687 1581 1729 XI:

131 1767 184 1808 ab
215 1767 304 1819 XI,
336 1772 386 1818 2,
417 1771 473 1809 34
503 1768 696 1817 demum,
747 1767 858 1807 unde
887 1767 1126 1807 redorditur
1155 1774 1320 1817 textus,
1365 1781 1498 1822 usque
1529 1768 1583 1808 ad

132 1845 244 1897 XII,
275 1851 324 1897 6,
358 1850 406 1897 5,
457 1846 531 1887 ubi
574 1845 716 1887 deficit
754 1845 888 1897 liber,
939 1860 1210 1901 quascunque
1241 1845 1324 1887 sibi
1353 1845 1584 1902 collegerat

131 1927 298 1980 copias,
337 1923 465 1967 Simul
494 1940 642 1980 omnes
670 1933 839 1980 paratas
869 1924 1031 1967 habuit.

241 2084 337 2125 Hoc
373 2086 503 2141 igitur
541 2085 758 2140 negotium
794 2082 870 2125 illo
908 2086 1073 2139 priore,
1123 2085 1236 2139 quod
1274 2097 1409 2139 paene
1448 2092 1584 2126 totum

130 2162 371 2218 relegendis
410 2178 459 2204 ac
499 2164 740 2218 repetendis
778 2164 856 2214 iis,
908 2177 1015 2218 quae
1060 2171 1149 2204 tum
1189 2164 1357 2219 quidem
1389 2162 1583 2204 consulto

129 2243 218 2297 ipse
239 2242 511 2297 Spaldingius
541 2243 755 2293 omiserat,
787 2241 1098 2293 continebatur,
1128 2242 1255 2298 longe
1286 2251 1328 2282 et
1351 2243 1583 2296 jucundius

130 2330 173 2362 et
207 2321 466 2363 fructuosius
498 2322 591 2373 fuit,
621 2331 667 2362 ut
689 2321 881 2362 codicum
903 2318 1167 2372 Turicensis,
1198 2315 1449 2373 Florenfini,
1480 2323 1584 2363 utri-

130 2416 263 2457 usque
305 2400 573 2459 Ambrosiani
611 2415 684 2456 per
723 2414 796 2441 eas
845 2408 1010 2454 partes,
1061 2400 1135 2441 ubi
1182 2415 1388 2456 quemque
1435 2415 1583 2442 eorum

132 2479 404 2536 Spaldingius
444 2496 527 2521 non
559 2479 847 2529 adhibuisset,
901 2478 969 2519 vel
1008 2480 1148 2520 minus
1177 2489 1370 2521 accurate
1401 2494 1584 2521 comme-

133 2569 354 2610 morasset,
384 2561 616 2615 scripturae
644 2559 704 2600 dix
716 2560 910 2599 ersitates
940 2557 1242 2614 colligerentur
1271 2569 1431 2600 etcum
1463 2559 1584 2615 Spal-

133 2639 333 2694 ‹tingi-ano
364 2648 484 2681 textu
517 2640 891 2680 conunitterentur.
953 2636 1102 2693 Neque
1127 2642 1242 2681 euim
1267 2639 1371 2681 haec
1391 2640 1583 2680 codicum
