1721 2974
414 111 468 154 αιῑ
499 110 664 166 Quintil.
694 108 830 152 Instit.
863 108 945 163 IX,
975 115 1016 152 2.
1047 110 1084 163 §.
1112 114 1280 152 2—-53,
1494 115 1576 153 393

234 230 272 281 §.
302 232 373 270 26.
436 226 560 268 Unde.
590 226 683 267 Par.
708 230 746 266 1.
769 231 810 267 2.
830 223 933 265 inde.
1021 233 1081 273 et,
1112 222 1323 264 Miserum.
1363 223 1454 266 Par.
1478 229 1515 266 1.
1537 231 1577 268 2.

124 296 161 339 0
183 300 379 338 miserum.

236 366 276 417 §.
306 369 376 406 28.
436 372 564 402 sumta
584 372 724 401 contra
744 372 793 402 te.
834 361 925 402 Par.
953 366 991 402 1.
1015 366 1055 402 2.
1081 376 1118 401 c.
1143 369 1172 400 t.
1197 376 1232 401 s.

234 436 273 486 §.
305 437 373 472 30.
431 430 682 470 abhorreant.
721 429 813 470 Par.
837 435 874 469 1.
895 435 936 470 2.
963 428 1190 469 abhorrent.

235 503 274 554 §.
305 505 374 540 31.
431 496 604 545 malunt,
635 497 754 551 quod.
796 495 865 538 Sic
885 496 977 537 Par.
1004 501 1043 537 1.
1065 501 1108 537 2.

236 569 276 620 §.
308 572 378 609 33.
433 581 716 621 personarum,
745 581 899 606 vocum.
937 563 1006 605 Sic
1025 563 1118 605 Par.
1141 568 1181 604 2.
1205 567 1245 604 6.
1282 578 1587 618 personarumve

121 635 214 678 Par.
248 640 288 676 1.

237 707 275 758 §.
307 702 376 744 34.
435 699 580 741 eodem.
612 699 681 741 Sic
703 698 796 741 Par.
820 706 859 742 1.
882 707 921 742 2.
1009 701 1072 740 (lic
1098 702 1234 739 vitam.
1275 697 1345 740 Sic
1366 699 1457 740 I‘ar.
1480 705 1518 740 1.
1545 706 1587 741 2.

238 772 275 823 ξ.
307 774 375 810 36.
435 768 601 809 Satura.
633 768 701 810 Sic
726 769 811 809 Par.
837 775 877 810 2.
903 774 940 809 6.
1000 768 1140 807 Satira
1155 766 1253 809 Par.
1279 773 1317 808 1.

240 840 276 891 ξ.
310 842 378 879 37.
446 837 558 876 Unde
577 837 697 892 αριιιΖ.
728 835 797 877 Sic
815 836 907 878 Par.
936 843 972 877 1.
995 843 1035 877 2.
1061 841 1099 876 6.
1195 838 1326 891 primo
1343 838 1493 876 statim.
1522 834 1590 877 Sic

124 905 216 948 I‘ar.
241 911 279 947 1.
336 923 402 961 pr.
425 916 474 946 st.
505 905 611 945 libro
630 904 721 946 Par.
743 910 784 946 2.

242 976 281 1025 §.
317 979 384 1015 38.
446 972 635 1014 Pharsal.
659 975 753 1013 sive.
786 971 855 1014 Sic
874 972 966 1014 Par.
993 976 1032 1013 6.
1096 970 1285 1013 Pharsal.
1313 970 1474 1025 gladius
1499 959 1594 1026 age-

127 1041 228 1085 bat?
265 1045 347 1082 sive
375 1042 466 1082 Par.
490 1047 527 1081 1.
549 1047 590 1082 2.

240 1115 279 1164 §.
311 1112 380 1152 40.
440 1110 645 1149 eminebat.
676 1107 745 1149 Sic
767 1107 859 1150 Par.
883 1115 924 1151 2.
984 1108 1179 1149 emicabat
1205 1106 1299 1148 Par.
1322 1112 1362 1148 1.

241 1182 277 1229 §.
311 1180 380 1219 41.
441 1178 531 1218 ἦοο.
561 1177 630 1217 Sic
651 1176 744 1218 Par.
768 1183 808 1218 2.
891 1177 1198 1232 praeponebant.
1231 1175 1299 1216 Sic
1323 1175 1415 1217 Par.
1439 1182 1480 1218 2.

242 1250 280 1300 §.
315 1248 384 1287 42.
445 1256 487 1285 ut
507 1257 543 1284 et
564 1245 657 1284 Sen.
688 1244 781 1285 Par.
806 1251 845 1286 1.
867 1251 907 1286 2.
929 1256 971 1284 ut
987 1244 1080 1285 Sen.
1168 1247 1262 1284 ista.
1291 1244 1385 1286 Par.
1399 1250 1494 1286 1.2.
1514 1260 1593 1286 om.

244 1315 283 1366 §.
315 1316 383 1355 45.
441 1312 510 1353 M.
531 1311 789 1352 Marcellum.
826 1312 918 1353 Par.
946 1319 982 1353 1.
1004 1319 1045 1353 2.
1069 1312 1137 1352 Μ.
1157 1312 1383 1353 Metellum.

243 1386 280 1434 §.
312 1383 381 1422 46.
439 1398 574 1420 sensus
598 1382 802 1421 sermonis.
843 1379 912 1420 Sic
944 1379 1037 1421 Par.
1069 1387 1134 1432 2.,
1166 1382 1238 1420 sed
1258 1380 1350 1421 Par.
1376 1386 1415 1422 1.
1448 1383 1599 1422 omittit

129 1453 233 1492 voci.
290 1450 382 1492 Par.
416 1454 457 1490 2.
496 1459 533 1488 et
561 1447 653 1489 loci.
788 1447 1068 1505 conformatio.
1119 1447 1187 1488 Sic
1216 1447 1309 1489 Par.
1346 1454 1386 1489 2.
1433 1465 1511 1490 sec.
1540 1466 1597 1491 m.

130 1520 381 1575 confirmatio
410 1516 502 1558 Par.
535 1520 574 1558 5.
604 1521 644 1556 6.
733 1531 834 1555 cum.
876 1514 945 1556 Sic
977 1515 1102 1556 Paris.
1134 1520 1172 1555 1.
1206 1521 1248 1556 2.
1276 1520 1316 1556 6.
1401 1517 1598 1560 videatur.

129 1585 200 1628 Sic
229 1587 321 1628 Par.
355 1591 394 1627 1.
425 1591 467 1626 2.
555 1586 657 1624 visa.
702 1581 771 1624 Sic
799 1583 892 1623 Par.
930 1588 968 1624 1.
1004 1584 1044 1623 6.
1112 1585 1199 1622 vita
1226 1582 1319 1623 Par.
1349 1589 1391 1625 2.
1481 1583 1602 1640 εἴρων

130 1671 266 1708 agens.
298 1653 366 1694 Sic
386 1652 513 1694 Paris.
539 1657 576 1692 1.
599 1656 639 1691 6.
726 1661 944 1704 troporum.
975 1650 1067 1691 Par.
1089 1655 1181 1691 1.2.
1196 1655 1234 1692 6.
1257 1661 1407 1706 tropos.
1468 1654 1604 1707 [Tro-

128 1738 272 1777 porum
305 1720 373 1761 ille
404 1729 616 1760 contextus
645 1719 777 1758 editur
803 1721 927 1772 vulgo
957 1719 1006 1758 de
1035 1721 1264 1771 conjectura
1282 1716 1430 1773 Regii3
1482 1723 1601 1764 codd.

133 1800 282 1844 tropos.
331 1788 426 1848 Nou
447 1788 818 1827 animadverterunt
838 1788 1023 1837 editores,
1057 1801 1149 1827 eam
1167 1790 1412 1829 nominativi
1431 1791 1605 1831 formam

134 1859 181 1896 in
210 1858 370 1910 optimis
403 1858 627 1910 quibusque
656 1857 768 1895 libris
787 1857 1044 1910 frequentem
1064 1870 1172 1907 esse,
1203 1857 1309 1896 sicut
1327 1854 1455 1898 Amb.
1480 1863 1519 1899 1.
1544 1861 1605 1900 bis

134 1928 320 1980 proxime
343 1933 483 1977 tropos
511 1922 703 1974 exhibet,
745 1924 818 1962 ubi
839 1937 950 1963 nunc
969 1932 1028 1963 est
1047 1925 1092 1961 in
1115 1923 1231 1963 editis
1257 1934 1407 1978 tropus,
1467 1921 1609 1967 Resti-

136 1992 338 2033 tuendum
364 1993 488 2045 igitur
513 2005 655 2031 censeo
689 2000 825 2044 tropos
856 1989 922 2030 ille
951 2001 1186 2040 contextus,
1227 2000 1273 2032 ut
1290 1994 1530 2046 respondeat
1553 1997 1606 2048 ei,

137 2076 243 2117 quae
263 2059 493 2114 praecedit,
525 2060 732 2099 continuae
750 2058 1045 2112 metaphorae]

250 2129 287 2180 §.
322 2128 392 2168 47.
451 2124 711 2181 ἀντίφρασιν.
742 2124 920 2166 Sic‘Par.
944 2132 986 2168 2.
1073 2129 1356 2169 sestertiorum.
1385 2127 1478 2171 Par.
1505 2136 1542 2172 1.
1564 2136 1607 2174 2.

137 2198 343 2238 sestertiis.
426 2196 693 2249 septingentis.
729 2192 798 2235 Sic
816 2193 908 2235 Par.
934 2200 970 2235 1.
1030 2198 1233 2236 sexcentis
1261 2195 1353 2237 Par.
1381 2202 1423 2238 2.
1450 2202 1489 2238 6.

252 2266 289 2318 §.
322 2264 393 2305 49.
451 2264 493 2302 ἰη
523 2262 779 2303 adversariis.
812 2261 880 2303 Sic
911 2261 1003 2304 Par.
1035 2268 1074 2305 1.
1134 2265 1163 2305 i.
1186 2262 1419 2306 adversario
1449 2266 1541 2308 Par.
1564 2273 1606 2309 2.

142 2338 186 2374 6.
265 2331 457 2389 fatemur.
494 2329 563 2372 Sic
578 2330 670 2372 Par.
696 2335 734 2371 1.
754 2335 795 2372 2.

258 2401 296 2452 §.
327 2403 394 2442 51.
452 2397 597 2455 procul
623 2399 778 2440 absunt.
814 2397 906 2439 Par.
938 2403 976 2439 1.
1008 2404 1050 2441 2.
1080 2417 1148 2455 pr.
1178 2411 1308 2441 autem
1334 2401 1419 2443 abs.
1532 2420 1606 2444 res.

143 2468 213 2511 Sic
234 2468 326 2509 I'ar.
349 2473 388 2508 1.
408 2473 450 2509 2.
536 2466 814 2508 nobilissimae.
852 2467 944 2509 Par.
973 2473 1011 2508 1.
1031 2473 1073 2509 2.
1094 2473 1134 2509 6.
1162 2468 1308 2510 nobilis
1328 2469 1608 2514 nobilissimae.

226 2536 460 2576 humanum.-
488 2545 540 2576 et.
579 2533 671 2575 Par.
697 2540 734 2575 1.
754 2541 795 2577 2.
818 2535 921 2576 bum.
942 2546 999 2576 est
1016 2546 1065 2575 et.

258 2605 295 2658 ξ.
329 2607 397 2647 53.
455 2605 663 2660 possimus,
695 2601 762 2644 Sic
783 2603 875 2645 Par.
902 2609 938 2645 1.
963 2609 1003 2646 6.
1061 2621 1267 2660 possumus
1297 2604 1388 2648 Par.
1411 2610 1466 2649 2.ἲ
