1757 2979
126 566 337 615 INDEX
387 566 616 615 RERUM
668 568 756 615 ET
810 567 1190 627 VERBORUM,

1259 566 1436 626 QUAE
1490 569 1560 618 IN

472 646 664 693 No'l'ls
718 646 1192 695 EXPLICANTUR.

117 914 269 948 Numeri
305 915 456 948 Romani
496 915 690 956 volumen,
727 916 893 961 vulgares
927 918 1092 961 paginam
1127 915 1306 958 indicam,
1350 916 1430 950 crit.
1456 924 1558 951 notus

482 973 624 1004 criticas
644 973 883 1016 inspici-endas
905 983 983 1007 esse
1006 972 1193 1017 significat.

424 1114 477 1159 A.

115 1195 158 1228 ab
176 1197 213 1228 in
237 1205 305 1228 usu
329 1193 464 1228 forensi
501 1194 573 1227 fere
598 1202 639 1229 ut
672 1206 741 1239 pro
764 1195 800 1229 ΙΙ

160 1253 202 1285 25
216 1276 224 1292 ,
252 1252 294 1284 62
308 1276 317 1292 ,
348 1251 422 1287 158.

112 1310 157 1343 ab
182 1315 347 1351 respectu
372 1307 526 1340 alicuius
559 1308 611 1339 rei
637 1309 673 1342 II
700 1308 776 1341 114.

111 1367 157 1399 ab
181 1366 304 1409 aliquo
329 1374 405 1397 esse
430 1364 466 1397 11
490 1363 544 1396 81.

109 1422 302 1458 Abdicatio
325 1419 521 1453 liberorum
559 1420 574 1452 Ι
598 1419 676 1463 559.

110 1479 232 1512 abesse
256 1477 366 1512 aficui
390 1476 443 1510 lV
467 1478 532 1519 572
559 1478 638 1509 crit.

109 1534 219 1579 abfui
242 1545 287 1567 an
311 1532 390 1577 afui
414 1533 450 1567 11
478 1533 517 1565 16
544 1535 623 1567 crit.

109 1592 208 1625 abies
231 1603 267 1635 p.
293 1589 435 1623 tabellis
458 1589 513 1623 111
539 1589 617 1621 512.

107 1649 298 1684 Ablativus
321 1646 474 1688 duplicis
498 1646 640 1689 generis
663 1656 683 1677 a
701 1651 798 1677 vete-

150 1704 251 1738 ribus
264 1703 514 1736 Grammaticis
538 1701 683 1734 habitus
704 1702 721 1734 I
741 1700 798 1734 83.

107 1779 151 1786 --
174 1760 218 1793 de
248 1767 411 1802 tempore
445 1760 622 1791 continuo
652 1767 680 1790 s.
712 1768 798 1800 per-

153 1818 306 1850 durante
330 1817 366 1849 Π
389 1813 476 1855 560,
501 1813 548 1849 cf.
573 1813 603 1846 V
627 1814 706 1855 289.

107 1891 152 1899 —
177 1857 336 1915 simpleiz
380 1864 476 1913 apu'd
510 1872 614 1903 verba
660 1871 798 1913 passiva

152 1930 235 1962 loco
261 1938 422 1971 praepos.
445 1927 490 1958 ab
512 1927 565 1959 vel
585 1938 648 1968 per
674 1927 705 1960 V
721 1937 797 1959 122.

109 2004 151 2011 -—
175 1988 248 2017 sive
280 1994 444 2027 praepos.
478 1982 523 2015 ab
565 1993 649 2015 cum
682 1981 800 2015 verbis

153 2042 392 2074 remmiouem
423 2037 712 2082 significantibus
745 2037 795 2071 IV

153 2098 219 2131 286
245 2099 322 2129 crit.

106 2154 258 2188 abolitio
283 2154 339 2187 ΙΙΙ
363 2151 441 2184 441.

107 2211 289 2249 abscisus,
323 2221 398 2244 nou
435 2207 614 2242 abscissus
645 2208 703 2242 111
731 2204 794 2250 267

152 2269 230 2301 crit.
255 2265 318 2299 621
346 2269 426 2298 crit⁴

108 2337 151 2358 εκ
181 2322 382 2356 abundanti
404 2322 440 2356 Π
466 2320 540 2355 164.

108 2380 233 2413 abusio
257 2379 274 2412 Ι
297 2377 374 2412 448.

109 2437 209 2469 abuti
229 2447 304 2469 non
322 2434 436 2467 malae
456 2431 646 2477 significat.
672 2433 705 2466 ΙΙ
720 2442 796 2465 122.

110 2505 153 2526 ac
176 2500 212 2526 et
236 2499 277 2524 at
299 2490 394 2526 conf.
420 2491 472 2524 111
496 2489 562 2522 616
591 2496 667 2521 cru.

109 2549 272 2582 accedere
304 2548 413 2581 alicui
447 2548 499 2579 rei
542 2557 606 2590 pro
649 2556 799 2589 aequare

153 2605 288 2649 aliquid
312 2604 350 2638 11
374 2605 392 2637 5
401 2604 450 2636 14.

869 1094 1046 1116 accersere
1070 1091 1107 1118 et
1129 1094 1305 1116 arcessere
1327 1083 1359 1116 V
1380 1082 1434 1126 76,
1459 1095 1501 1128 79
1514 1085 1558 1117 al.

868 1139 1120 1174 Accusativus.
1160 1137 1331 1172 Scholam
1363 1141 1482 1185 egredi
1516 1142 1555 1175 ΙΙ

915 1196 991 1239 289.

867 1269 910 1276 -
936 1251 1095 1285 Graecus
1117 1253 1157 1286 iu
1174 1263 1216 1284 en
1239 1259 1274 1284 et
1293 1264 1340 1284 an
1366 1252 1394 1283 V
1408 1264 1461 1296 27,
1478 1254 1552 1290 115,

868 1328 910 1335 —
937 1310 1194 1352 pronominum
1217 1310 1256 1341 in
1287 1310 1555 1343 constructione

912 1364 998 1398 Ace.
1022 1375 1105 1399 cum
1128 1364 1198 1398 Ins.
1222 1367 1376 1398 omissus
1403 1365 1456 1399 ΙΙΙ
1479 1365 1535 1408 49.

866 1438 911 1445 —
934 1420 1073 1465 duplex
1101 1431 1189 1455 cum
1227 1418 1339 1455 verbo
1378 1433 1556 1466 reposcere

910 1478 948 1512 11
974 1488 1054 1521 299.

866 1532 1000 1567 Aecus.
1026 1544 1108 1566 cum
1132 1531 1238 1567 Infin.
1259 1538 1341 1576 post
1374 1543 1466 1575 pass.
1484 1533 1554 1566 sci—

911 1595 994 1629 tur,
1033 1590 1189 1622 creditur
1226 1589 1260 1621 Π
1284 1589 1362 1631 467.
1399 1589 1450 1622 IV
1473 1589 1552 1624 265.

910 1644 982 1688 (CI.
1017 1644 1093 1683 Cic.
1130 1657 1164 1688 p.
1191 1643 1273 1678 Mil.
1299 1645 1340 1677 18
1363 1653 1455 1679 extr.
1477 1657 1552 1680 eum

910 1707 1086 1733 mortuum
1108 1699 1373 1744 nuntiabatur.)

865 1762 950 1790 acta
976 1764 1011 1790 et
1028 1755 1142 1801 facta
1169 1756 1266 1792 conf.
1288 1758 1328 1792 11
1351 1758 1417 1802 247
1449 1760 1529 1793 crit.

864 1813 962 1846 actio
987 1814 1008 1847 i.
1035 1825 1069 1859 q.
1094 1815 1211 1847 oratio
1235 1813 1288 1849 IV
1313 1813 1370 1848 18.
1401 1815 1497 1848 actio
1518 1808 1553 1849 et

910 1870 1030 1902 oratio
1055 1868 1150 1903 tous.
1176 1870 1212 1903 ΙΙ
1235 1871 1279 1903 48
1312 1873 1392 1906 crit·

865 1932 966 1958 actor
995 1937 1030 1969 p.
1054 1928 1186 1969 petitor
1212 1926 1245 1959 11
1268 1925 1323 1959 62.

865 1988 969 2014 actus
992 1989 1028 2016 et
1051 1989 1159 2026 optus
1183 1983 1278 2018 conf.
1302 1981 1338 2016 11
1371 1982 1431 2017 351
1471 1987 1551 2018 crit.

864 2044 1025 2071 actutum
1058 2050 1132 2071 nou
1167 2038 1239 2081 legi
1269 2039 1364 2082 apud
1399 2037 1552 2083 Quintil.

913 2093 943 2126 V
967 2105 1046 2127 222.

865 2151 915 2184 ad
937 2150 1093 2194 aliquid,
1115 2147 1205 2194 πρός
1227 2163 1262 2185 τι
1288 2152 1305 2184 Ι
1331 2149 1406 2185 145.

864 2207 1021 2240 adducta
1046 2219 1091 2241 au
1116 2207 1267 2240 obducta
1287 2205 1400 2251 frons
1424 2207 1473 2242 IV
1489 2207 1552 2241 1-'18

909 2266 986 2296 crit.

863 2320 952 2352 adeo
975 2320 1154 2362 imprimis
1176 2319 1217 2352 id
1237 2319 1325 2352 adeo
1357 2319 1371 2351 1
1396 2319 1473 2361 572.

862 2394 908 2400 —
931 2386 1006 2409 uon
1039 2387 1107 2420 pro
1146 2375 1224 2408 ideo
1261 2375 1313 2410 IV
1339 2373 1404 2420 693
1427 2387 1482 2420 sq.
1507 2376 1552 2410 cf.

909 2431 940 2464 V
968 2434 1042 2465 105.

864 2488 974 2532 adeps
1000 2490 1186 2530 utriusque
1205 2489 1347 2530 generi·
1367 2489 1384 2522 1
1401 2489 1467 2523 513
1480 2491 1556 2522 crit.

865 2544 915 2576 ad
949 2545 1013 2576 hoc
1047 2545 1062 2577 l
1095 2546 1157 2587 471
1196 2545 1274 2578 crit.
1300 2544 1378 2580 516.
1400 2545 1452 2580 IV
1477 2546 1555 2586 508,

866 2599 932 2634 6(ss
960 2602 1039 2634 crit.
