1721 2974
177 145 258 187 254
625 143 897 199 Supplemenia
925 145 1189 189 annotationis

177 268 268 298 sunt,
294 257 332 297 Ῐι.
449 273 473 295 α
503 257 646 313 quibus,
703 254 829 296 Amb.
856 260 895 296 1.
921 270 1002 297 om,
1033 272 1070 297 α.
1169 257 1273 311 quib.
1303 280 1356 290 —
1387 263 1447 300 sit.
1495 260 1624 303 Amb.

180 331 218 369 1.
247 325 355 367 Flor.
400 340 423 371 a
452 341 512 379 pr.
547 339 600 363 111.
636 325 756 362 etiam
786 323 888 377 quib.
921 325 1078 378 quisque
1105 326 1168 365 sit.

290 395 325 445 §.
357 398 424 434 26.
469 392 714 448 fi·cq11enter.
770 389 895 432 Amb.
923 395 959 432 1.
993 390 1129 432 Turio.
1162 390 1301 446 Camp.
1331 396 1535 434 omittunt.

175 461 362 502 libidinis.
420 459 547 500 Amb.
583 464 621 498 1.
664 456 829 499 libidini.
943 459 1004 499 his
1043 470 1167 500 contr.
1225 460 1333 501 Jens.
1373 460 1472 502 ΑΜ.
1512 464 1561 501 iis
1591 479 1624 504 c.

173 529 295 570 Tarv.
333 531 367 568 is
399 545 432 569 c.
547 542 662 579 neque
689 541 743 563 en.
803 524 870 566 Sic
900 528 1022 576 etiam
1050 526 1176 567 Amb.
1209 533 1246 568 1.
1278 534 1319 569 2.
1361 527 1482 577 Tarv.
1521 527 1622 569 Ald.

173 597 285 638 Sich.
326 595 481 646 Colin.‚
535 602 574 633 et
609 593 699 632 edd.
731 608 793 646 ap.
824 592 994 644 Burm.‚
1043 611 1118 635 nec
1159 611 1252 636 vero
1282 594 1382 636 Loc.
1495 597 1625 636 crccli-

173 665 260 719 hile.
317 661 439 721 Amb..
465 667 502 704 1.
529 660 638 702 Flor.
671 676 693 699 a
710 677 770 714 pr.
791 677 846 700 m.
869 661 1107 703 incredibile.
1193 679 1308 720 prop.
1331 666 1446 703 amic.
1486 662 1620 705 Guelf.

170 734 289 775 inser,
333 742 456 785 atque.
582 728 815 770 abundante.
886 728 996 769 Flor.
1047 729 1296 772 abundante&
1425 731 1515 772 dist.
1554 744 1622 787 tjst.
1704 725 1706 789 !

171 800 297 843 Amb.
319 803 355 838 1.
386 812 466 837 om.
495 807 564 838 esi.
668 796 719 837 cl.
751 814 801 837 an
828 797 931 838 obse.
991 794 1124 838 Guelf.
1161 797 1209 838 cl.
1242 809 1308 837 aut
1338 793 1446 840 obsc.'
1471 795 1473 797 ¹
1533 783 1623 840 md-

171 868 282 911 i-ituS.
340 863 464 907 Amb.
487 870 528 905 2.
556 867 728 906 meritus.
839 866 891 902 sit
914 864 1124 921 plurimum
1152 864 1289 908 distat.
1343 865 1471 908 Aan.
1495 872 1534 908 1.
1560 870 1623 908 sic

166 935 329 991 plurimi
355 932 515 973 distant.
571 930 684 973 Alm.
714 933 772 973 sic
799 930 856 987 pl.
886 931 927 974 d.
981 931 1120 974 Turio.
1149 931 1260 975 Flor.
1292 949 1315 974 a
1333 950 1394 989 pr.
1417 951 1472 978 m.
1502 933 1620 976 Ajm.

168 1020 200 1045 s,
230 1001 287 1058 pl.
317 1000 479 1041 distant.
1418 1046 1422 1048 ,

281 1071 316 1122 §.
338 1074 406 1110 27.
464 1066 574 1109 avar.
604 1070 700 1108 irae.
760 1065 913 1108 Cervic.
941 1065 1072 1108 Colin.
1103 1070 1243 1110 inserr.
1274 1070 1338 1108 ira
1358 1083 1532 1124 quoque.

166 1139 228 1179 his
257 1140 340 1178 sim.
397 1135 506 1177 Jens.
539 1145 578 1177 et
608 1136 698 1176 edd.
732 1144 823 1174 ante
854 1133 1010 1190 Gryph.
1041 1151 1127 1176 exc.
1159 1134 1271 1176 Sich.
1303 1138 1352 1175 iis
1373 1138 1460 1176 sim.
1557 1136 1619 1176 lu-

165 1218 263 1248 atur.
294 1223 358 1246 an.
416 1202 539 1247 Amb.
575 1209 613 1246 1.
653 1207 773 1243 inser.
816 1204 878 1242 sit.
994 1203 1189 1245 sor-clidas.
1247 1202 1384 1244 Guelf.
1424 1200 1618 1261 sqrdibus.

177 1280 180 1281 ’
251 1290 354 1313 nam.
383 1282 479 1314 rust.
536 1272 645 1313 Jens.
678 1280 717 1311 et
747 1271 854 1323 edd„
887 1280 979 1310 ante
1007 1270 1136 1322 sich„
1168 1287 1334 1326 namque
1366 1289 1398 1311 r.
1460 1269 1462 1272 ’
1498 1289 1619 1325 nego-

164 1345 300 1382 tiator.
360 1338 495 1381 Guelf.
530 1342 761 1393 negotiatur.
876 1351 989 1395 atque
1018 1338 1129 1380 aliud
1157 1339 1225 1395 eff
1276 1336 1413 1380 Tur‘ic.
1435 1354 1458 1379 a
1477 1355 1537 1393 pr.
1558 1356 1615 1380 m.

165 1422 246 1451 om.
280 1406 414 1460 aliud,
456 1422 478 1446 a
505 1423 583 1449 sec.
622 1423 677 1448 m.
707 1424 824 1463 aeque
849 1409 947 1464 effic.

277 1477 315 1527 ξ.
349 1480 416 1516 28.
476 1478 605 1515 etiam.
667 1473 800 1516 Guelf.
830 1474 953 1516 Amb.
975 1482 1016 1518 2.
1048 1486 1094 1516 et.
1205 1473 1303 1529 quid
1331 1473 1489 1529 qfficiet
1508 1476 1617 1529 quis-

162 1559 245 1601 que,
301 1542 428 1584 Amb.
453 1547 488 1584 1.
522 1545 608 1597 quis
637 1544 805 1598 qfficttts
837 1546 887 1583 sit
922 1546 1068 1598 cuique.
1127 1541 1264 1583 Turio.
1296 1540 1405 1582 Flor.
1437 1556 1460 1580 a
1479 1531 1616 1595 prssJn·

162 1612 277 1654 Alm.
319 1613 404 1666 quis
442 1611 608 1666 aff'ectus
639 1613 810 1664 quisque.
928 1610 1110 1665 locuples.
1169 1607 1303 1650 Guelf.
1336 1608 1556 1663 locupletes.

163 1680 304 1734 Camp.
344 1677 453 1720 Jens.
495 1678 694 1732 locuplex.
754 1678 824 1717 dis.
853 1680 946 1732 just.
1004 1677 1130 1717 Amb.
1164 1682 1202 1718 1.
1244 1691 1267 1716 a
1295 1692 1371 1716 sec.
1403 1691 1459 1715 m.
1491 1679 1612 1718 inser.

161 1746 265 1787 velit.
381 1756 470 1786 anie
499 1756 603 1786 acta.
664 1743 797 1786 Guelf.
832 1756 957 1784 autem
987 1756 1113 1785 actas
1167 1761 1169 1765 ’
1206 1746 1421 1784 aestimari.
1469 1742 1611 1798 Camp.

162 1816 363 1855 extimari.
421 1812 530 1854 Jens.
552 1810 652 1853 Loc.
674 1811 783 1852 Ven.
804 1815 1044 1852 existimari.
1135 1811 1446 1852 Commotionem.
1484 1810 1611 1852 Amb.

163 1889 200 1925 1.
233 1884 577 1924 commutationem„
675 1880 789 1923 hanc.
845 1880 970 1921 Amb.
991 1886 1031 1923 2.
1066 1877 1228 1931 Guelf.‚
1272 1882 1343 1935 qui
1370 1889 1459 1933 post
1485 1879 1616 1920 volent

159 1967 231 2006 pro
259 1950 409 1992 volunt.
1543 1943 1546 1947 ¹

274 2020 308 2071 §.
342 2024 410 2059 29.
471 2034 554 2058 acc,
582 2034 653 2071 ρον
681 2032 721 2055 se
753 2015 827 2072 ref.
888 2014 956 2056 Sic
992 2018 1115 2055 etiam
1153 2014 1280 2055 Amb.
1312 2020 1351 2056 1.
1393 2030 1416 2057 a
1444 2031 1500 2055 m.
1532 2031 1610 2057 sec.

157 2086 266 2128 Flor.
297 2086 387 2127 Par.
417 2090 455 2125 1.
513 2101 598 2124 acc.
629 2101 700 2139 per·
729 2083 870 2139 sefer.
902 2082 1028 2124 Amb.
1056 2088 1092 2123 1.
1123 2097 1145 2121 a
1163 2098 1222 2136 pr.
1245 2098 1302 2123 m.
1419 2082 1612 2124 ducimus.

157 2154 267 2195 Jens.
297 2152 397 2195 Loo.
426 2152 534 2193 Veu.
565 2151 668 2192 Bad.
700 2152 876 2191 elicimus.
988 2161 1105 2191 tract.
1141 2167 1216 2191 am.
1247 2167 1299 2190 an
1332 2152 1439 2190 inim.
1480 2149 1611 2191 Aan.

160 2228 198 2263 1.
237 2233 288 2264 tr.
318 2224 477 2262 animus.
501 2219 597 2274 (sed
627 2235 649 2259 a
669 2235 746 2259 sec.
772 2234 825 2258 m.
847 2234 965 2272 super
989 2217 1183 2272 lituram)
1217 2220 1336 2257 amici
1371 2232 1465 2258 cum
1498 2217 1610 2259 Flor.

157 2305 184 2330 a
211 2306 272 2343 pr.
298 2304 381 2340 m.‚
434 2291 506 2343 qui
547 2303 569 2328 a
597 2303 676 2328 sec.
710 2303 765 2327 m.
798 2298 825 2326 t.
861 2303 911 2326 cm
941 2303 1017 2328 am.
1049 2288 1158 2327 inim.
1216 2284 1340 2326 Amb.
1373 2290 1413 2326 2.
1443 2284 1534 2326 Par.
1564 2290 1608 2326 ,1.

157 2364 198 2399 2.
229 2363 267 2399 3.
299 2360 420 2396 etiam
453 2366 481 2395 i.
511 2372 588 2395 am.
619 2357 727 2394 inim.
1159 2378 1161 2381 .

268 2427 304 2478 ξ.
338 2430 404 2466 30.
465 2426 500 2462 εἰ
530 2423 720 2463 accidere.
781 2421 906 2461 Amb.
927 2426 979 2462 .1.
1011 2420 1149 2461 Turio.
1177 2419 1292 2459 Alm.
1321 2418 1458 2473 Camp.
1485 2422 1610 2460 omit-

156 2500 247 2532 tunt
288 2495 335 2532 ei.
395 2491 502 2531 Flor.
547 2489 681 2531 Guelf.
724 2489 846 2530 Goth.
887 2506 972 2530 acc.
1012 2492 1058 2528 ei.
1117 2487 1226 2528 Jens.
1268 2497 1302 2525 et
1339 2504 1451 2537 acc„
1499 2488 1611 2542 quod

156 2561 278 2611 essiam
308 2559 451 2599 Franc.
483 2575 583 2600 corr.
701 2557 835 2596 datum
864 2568 932 2596 est.
994 2555 1134 2608 Camp.
1167 2554 1318 2594 dictum
1346 2566 1415 2595 cst.
1515 2554 1609 2594 Plc-

154 2642 238 2666 ηιιε.
297 2626 421 2667 Amb.
448 2631 483 2666 1.
508 2632 548 2667 2.
590 2625 697 2672 Elor.
728 2625 820 2666 Par.
852 2629 889 2665 1.
918 2630 957 2665 2.
982 2629 1020 2665 3.
1052 2626 1173 2663 etiam
1200 2621 1350 2677 plenus.
1420 2621 1610 2677 [Nomen
