1721 2974
146 194 163 228 1
174 195 225 228 20
583 185 854 241 Supplemcnla
883 186 1142 228 annoraiionis

150 300 288 354 Gamp.
327 296 438 340 sich.
478 298 633 349 Colin.‚
683 307 721 337 et
760 306 804 337 ut
842 296 1023 347 videtur,
1065 299 1111 336 in
1137 296 1251 337 codd.
1281 300 1422 340 nostris
1446 303 1578 341 omni-

148 372 243 420 bus3
285 371 479 408 omittitur
507 381 530 406 a
559 365 682 406 Paris.
708 369 743 404 1.
765 370 804 404 2.

262 437 298 486 §.
332 441 369 475 3.
459 433 578 472 'crum
606 434 712 470 hacc.
773 429 827 469 17.
859 441 894 469 et
923 430 1017 471 haec
1048 428 1189 485 Camp.
1305 430 1414 470 Huic
1435 448 1581 486 quoquc

148 506 270 557 igilur
299 501 389 540 trib.
422 499 560 552 Camp.
618 498 677 537 H.
710 513 800 550 crgo
831 498 920 537 trib.
1037 499 1126 538 trib.
1159 509 1215 537 est
1243 514 1324 538 nec.
1382 496 1581 551 Receptus

149 571 245 611 ordo
273 573 353 620 jam
384 577 439 616 est
469 566 575 620 apud
605 564 716 604 Sich.

260 640 295 688 ξ.
327 638 367 675 4.
427 645 516 672 tres.
566 635 638 670 iris
669 631 803 671 Turio.
833 630 938 672 Flor.
972 629 1095 673 Goth.
1121 641 1159 671 et
1178 634 1328 672 multae
1347 631 1435 670 edd.
1460 640 1581 683 ναις

148 707 284 758 itaque
324 716 477 754 semper
516 701 611 737 fere.
725 714 804 737 csse
838 709 984 752 partes.
1042 709 1147 752 part.
1192 715 1271 737 csse
1310 696 1471 748 Guelfi,
1519 699 1582 738 ed.

148 774 275 810 nulla.
371 770 474 821 quia.
524 764 650 805 ,Amb.
678 770 714 804 1.
746 769 941 819 quoniam.
1040 782 1215 819 quarum.
1267 780 1429 819 quorum
1449 762 1583 821 Guelf.

146 837 272 879 Amb.
295 842 334 876 2.
362 835 479 875 Voss.
503 839 541 873 1.
658 831 876 872 crediderit.
938 832 1145 873 tradiderit
1175 832 1299 871 edidit
1321 835 1440 871 etiam
1458 829 1555 872 Ald.

261 905 297 954 §.
330 906 367 943 5.
421 900 629 955 judicavit.
681 898 876 954 judicabit
908 898 1028 939 Aan.
1052 904 1099 939 ·1.
1214 915 1332 953 neque
1359 902 1473 938 enim.
1523 896 1587 938 Ita

146 973 282 1013 Turio.
312 969 417 1008 Flor.
448 967 573 1007 Amb.
598 972 635 1006 1.
669 965 808 1019 Camp.
923 965 1084 1006 dicitur.
1144 965 1281 1007 Tus-ic.
1309 980 1332 1005 a
1354 982 1415 1020 pr.
1437 981 1492 1006 m.
1520 965 1586 1005 di-

147 1049 251 1080 cunt.
367 1051 444 1074 non
470 1037 626 1073 vitasse.
682 1050 758 1072 non
787 1035 970 1071 invitasse
996 1031 1121 1073 Aan.
1146 1039 1185 1073 2.

261 1107 295 1157 §.
329 1109 366 1144 6.
426 1101 479 1140 Et
512 1099 598 1141 Cic,
651 1099 792 1153 Camp.
830 1100 883 1138 Ut
906 1099 987 1139 Cic.
1102 1099 1274 1152 subjecit.
1322 1098 1462 1153 Gamp.
1496 1100 1587 1139 sub-

144 1175 245 1227 jicit.
361 1170 484 1208 tribus
516 1170 668 1222 primis.
733 1184 796 1221 pr.
839 1177 889 1207 tr.
929 1165 1050 1207 Goth.
1096 1164 1230 1206 Guelf.
1271 1181 1363 1205 cum
1399 1166 1508 1207 Jens.
1549 1176 1590 1207 et

149 1249 248 1294 post.
301 1247 406 1277 antev
433 1233 587 1290 Gryph.
707 1236 961 1288 permixtum.
1030 1232 1130 1274 Obr.
1179 1235 1457 1281 commixtum,
1504 1248 1590 1273 non

150 1308 280 1347 addic.
310 1304 437 1344 Amb.
471 1307 506 1342 1.
621 1317 689 1340 nec
717 1325 773 1332 --
803 1318 870 1340 nec
899 1300 1023 1341 Goth.
1056 1315 1147 1339 cum
1173 1298 1283 1340 Jens.
1314 1308 1354 1338 et
1373 1308 1473 1352 post.
1496 1285 1589 1340 ante

150 1374 261 1415 Sich.
378 1385 432 1408 ex
457 1385 499 1408 co
525 1371 706 1407 mutuari.
767 1368 815 1407 ab
846 1385 887 1407 eo
906 1385 956 1407 m.
988 1367 1110 1407 Paris.
1135 1372 1171 1406 1.
1192 1372 1232 1407 2.
1262 1364 1384 1407 Goth.
1406 1365 1524 1406 Voss.
1545 1372 1586 1407 2.

151 1457 245 1482 cum
273 1439 379 1479 JenS.
412 1447 450 1476 et
486 1444 587 1489 post.
621 1443 712 1474 aute
752 1433 965 1474 Stoerium.
1078 1444 1221 1488 putem.
1278 1444 1432 1488 putetur
1462 1433 1589 1486 Obr.‚

149 1510 289 1559 refrag.
321 1504 446 1545 Aan.
472 1509 509 1542 1.

264 1576 300 1623 ᾗ.
332 1576 371 1612 7.
435 1568 548 1621 Quod
578 1568 663 1607 hoc.
728 1568 812 1620 Quo
841 1568 878 1607 h.
911 1566 1036 1607 Amb.
1071 1572 1108 1606 1.
1138 1582 1161 1606 a
1188 1583 1266 1607 sec.
1291 1583 1347 1607 m.
1460 1570 1503 1606 in
1530 1569 1592 1607 in-

149 1643 375 1681 vensionem.
427 1640 467 1677 in
498 1652 576 1676 om.
607 1633 741 1676 Guelf.
775 1633 915 1687 Camp.
946 1634 1055 1675 Jens.
1087 1643 1126 1673 et
1159 1644 1257 1687 post.
1290 1643 1381 1673 ante
1401 1632 1505 1674 Bad.

149 1711 410 1764 quintamque.
461 1721 500 1758 q.
532 1719 681 1758 quoque
710 1703 807 1741 dant
836 1705 956 1741 etiam
984 1700 1092 1741 Flor.
1125 1700 1214 1741 Par.
1238 1706 1275 1741 1.
1298 1707 1336 1741 2.
1359 1704 1398 1740 5.
1423 1699 1589 1754 Camp.;

150 1779 195 1815 in
234 1775 359 1815 Amb.
398 1777 435 1811 1.
474 1772 632 1811 videtur
670 1785 751 1808 esse
791 1777 962 1819 recepta.
1076 1767 1186 1807 Idem
1223 1770 1275 1806 ιζη.
1327 1766 1389 1805 Id.
1433 1783 1518 1806 cum
1549 1770 1591 1805 in

150 1844 276 1883 habet
312 1843 432 1880 etiam
468 1835 609 1890 Camp.
651 1845 689 1876 et
729 1834 955 1875 Tul-mensis
997 1849 1020 1873 a
1059 1850 1134 1874 sec.
1165 1849 1301 1874 manu.
1416 1836 1588 1888 scriptis.

147 1911 312 1964 scripsit
339 1907 444 1946 Flor.
479 1904 619 1957 camp.

263 1977 298 2027 ᾗ.
330 1980 369 2015 8.
416 1973 550 2030 fuisse
573 1986 651 2011 0111.
675 1969 814 2022 Camp.
929 1967 1051 2007 aliud.
1106 1966 1245 2020 Camp.
1269 1966 1366 2006 alia.
1479 1966 1592 2006 ordi-

150 2061 209 2084 ne.
256 2045 297 2081 in
324 2041 497 2081 ordinem
526 2042 645 2078 etiam
679 2036 816 2077 Turic.
849 2050 872 2075 a
899 2050 976 2075 sec.
1007 2050 1063 2074 m.
1093 2033 1218 2074 Paxis.
1239 2039 1278 2074 2.
1309 2032 1447 2086 Camp.
1478 2032 1589 2074 Sich.

237 2111 393 2163 optimo.
441 2109 588 2161 optima
616 2113 769 2158 praeter
798 2111 1036 2142 memoratos
1063 2101 1201 2141 Tmic.
1233 2116 1256 2140 a
1277 2116 1353 2140 sec.
1377 2115 1432 2139 m.
1462 2098 1588 2139 Amb.

155 2183 192 2218 1.
232 2192 255 2216 a
290 2191 368 2216 sec.
406 2189 463 2214 111.
503 2172 629 2213 Paris.
659 2178 696 2212 2.
740 2170 879 2223 Camp.
924 2168 1036 2209 Sich.
1067 2167 1201 2209 Colin.
1259 2170 1433 2220 Recepta
1463 2169 1592 2205 estin

150 2243 274 2284 Paris.
308 2247 344 2282 1.
382 2246 421 2283 5.
537 2257 586 2280 ac
617 2239 768 2278 verbor.
829 2248 862 2276 et
894 2237 998 2276 verb.
1039 2235 1175 2276 Tmic.
1215 2233 1340 2275 Amb.
1375 2238 1412 2272 1.
1455 2230 1589 2273 Guelf.

155 2310 295 2363 Camp.
410 2310 609 2348 memoria.
660 2307 866 2345 memoriae
895 2307 1017 2344 etiam
1039 2302 1166 2343 Amb.
1187 2308 1226 2342 2.
1260 2300 1400 2352 Camp.
1518 2316 1590 2338 ac-

155 2377 279 2417 cedat.
329 2375 463 2418 Guelf.
496 2373 640 2422 Goth-7
680 2375 778 2423 soli,
816 2374 894 2411 nisi
923 2371 1032 2426 quod
1058 2373 1102 2408 in
1130 2368 1246 2409 Voss.
1272 2373 1309 2407 1.
1343 2374 1399 2405 est
1428 2364 1588 2406 accidit.

236 2455 325 2484 tres.
384 2445 457 2482 zris
495 2441 631 2482 Tul-ic.
672 2439 783 2480 Flor.
818 2438 941 2479 Goth.
972 2437 1107 2487 Jens.,
1158 2444 1203 2473 ut
1230 2448 1361 2486 supra.
1477 2443 1588 2473 ceter.

153 2520 256 2563 pari.
310 2520 416 2562 part.
449 2519 520 2549 cet.
552 2506 674 2548 Goth.
706 2522 800 2547 cum
827 2505 934 2546 Jens.
970 2514 1010 2544 et
1038 2511 1138 2556 post.
1171 2510 1261 2541 ante
1292 2499 1419 2540 Stoer.

268 2577 305 2625 §.
339 2582 377 2615 9.
435 2576 572 2616 elocut.
604 2585 702 2614 suni.
754 2583 841 2612 sunt
864 2571 958 2611 eloe.
990 2569 1124 2610 Turio.
1156 2567 1262 2607 Flor.
1290 2564 1423 2606 Guelf.
1448 2563 1587 2619 Camp-

239 2642 405 2695 subjicit.
462 2640 576 2681 Idem
616 2642 772 2683 videtur
815 2654 894 2680 esse
934 2641 978 2677 in
1013 2637 1154 2676 nostris
1194 2636 1400 2687 omnibus3
1450 2642 1506 2673 est
1546 2636 1591 2672 in
