1695 2974
126 174 173 208 v!

121 282 207 313 tum
242 270 369 321 mihi,
417 278 504 310 tum
544 269 707 311 duobus
741 267 994 324 j1u·enibns‚
1042 266 1154 309 Frid.
1186 268 1375 309 Sandero
1410 278 1451 310 et
1479 270 1558 312 Ed.

122 347 348 399 Bonne110‚
374 347 707 389 exhauriendum
730 348 870 398 fuerit,
896 354 939 386 ut
956 345 1008 386 ad
1027 344 1151 386 hasce
1175 345 1318 401 epulas
1339 349 1561 389 instructas

121 427 356 468 litterarum
388 425 672 467 Romanarum
710 426 922 466 studiosos
955 425 1134 464 invitare
1163 439 1394 479 possemus.
1452 424 1564 466 Nam

121 519 275 560 magna
307 517 373 544 me
402 503 560 544 laboris
591 512 706 557 parte
737 503 943 543 industria
971 500 1120 542 horum
1139 504 1324 543 virorum
1347 503 1563 544 doctorum

120 582 303 633 levavit,
362 595 541 636 quorum
571 581 785 622 sanderus
825 580 992 633 quidem
1028 581 1073 621 in
1103 580 1237 621 tribus
1266 582 1412 636 primis
1440 579 1562 623 libris

120 670 162 701 et
193 661 330 716 quarti
360 661 495 714 capite
523 662 679 714 primo,
721 656 976 708 Bonnellus,
1004 657 1118 699 illius
1149 673 1298 713 operae
1328 673 1562 711 successor,

120 742 164 780 in
196 738 338 779 alteris
369 736 502 778 tribus
532 736 654 778 libris
686 750 816 791 usque
853 736 905 776 ad
933 745 1097 777 sextum
1129 738 1340 777 variantes
1369 737 1564 777 codicum

121 818 498 871 manuscriptorum
528 823 569 855 et
599 814 831 854 editionum
869 823 1059 855 veterum
1089 815 1315 868 scripturas
1344 813 1564 869 plerasque

120 898 177 936 ita
207 901 550 949 composuerunt,
600 901 645 932 ut
673 889 797 933 firma
847 894 966 948 quasi
994 892 1268 933 fundamenta
1295 892 1564 944 collocarent,

123 972 273 1028 quibus
321 974 410 1026 ipse
458 983 623 1025 possem
662 978 703 1010 et
744 968 908 1025 reliqua
953 979 1241 1025 superstruere
1280 978 1322 1010 et
1355 972 1565 1024 judicium

121 1053 366 1106 adjungere.
425 1048 478 1089 Et
506 1049 549 1087 in
576 1062 627 1088 ea
658 1050 825 1103 quidem
854 1064 899 1089 re
931 1058 1015 1089 tam
1045 1057 1237 1089 accurate
1266 1050 1423 1089 versati
1451 1058 1564 1101 sunt,

122 1138 190 1179 ut,
224 1144 318 1169 cum
350 1129 485 1168 denuo
517 1128 756 1181 mugeriem
780 1128 1034 1167 variantium
1063 1125 1293 1167 lectionum
1323 1141 1416 1167 cum
1440 1126 1563 1170 libris

122 1206 222 1247 olim
252 1206 375 1245 editis
406 1213 447 1245 et
478 1206 690 1258 excerptis
725 1198 1107 1259 manuscriptorum
1138 1205 1330 1245 conferre
1360 1207 1566 1247 instituis-

120 1299 232 1335 sem,
277 1297 409 1338 pauca
436 1284 689 1338 corrigenda
727 1283 796 1324 vel
837 1283 1028 1324 addenda
1068 1284 1330 1332 invenerim,
1376 1285 1565 1338 quamvis

120 1362 246 1403 facile
279 1371 390 1403 esset
420 1371 466 1403 ut
506 1363 551 1402 in
582 1363 792 1415 ejusmodi
821 1363 994 1416 negotio
1034 1359 1101 1401 vel
1132 1363 1338 1402 acerrima
1367 1376 1467 1404 cura
1495 1363 1566 1403 de-

121 1441 384 1496 fatigaretur.
427 1440 573 1495 Itaque
597 1454 682 1481 non
702 1440 847 1481 dubito
872 1441 995 1494 quin,
1028 1453 1109 1494 quo
1134 1441 1269 1480 rarior
1292 1438 1371 1480 hac
1398 1441 1566 1495 quidem

123 1527 258 1559 aetate
323 1518 379 1560 lis
413 1519 528 1560 'bene
577 1519 765 1559 merendi
795 1519 846 1558 de
880 1516 1034 1558 litteris
1063 1517 1228 1558 Latinis
1258 1516 1453 1560 voluntas
1483 1529 1563 1571 est,

122 1611 289 1639 omnem
326 1599 513 1639 virorum
555 1595 883 1652 intelligentium
920 1597 1097 1650 gratiam
1127 1597 1270 1637 inituri
1299 1598 1408 1648 sint,
1459 1613 1565 1653 quae

121 1675 248 1731 longe
287 1678 474 1718 omnium
510 1675 822 1730 jucundissima
868 1689 1030 1716 merces
1070 1683 1133 1715 est
1166 1675 1374 1730 juvenum
1413 1675 1567 1720 altiora

120 1753 361 1809 petentium.

238 1911 324 1953 Sed
354 1913 590 1953 accuratius
620 1910 915 1966 explicandum
946 1919 1023 1962 est,
1055 1911 1154 1966 quid
1184 1910 1263 1953 hoc
1295 1911 1568 1968 Supplemen-

126 1998 263 2030 torum
307 1988 519 2032 volumine
557 2005 753 2045 novoque
787 1998 987 2045 apparatu
1017 1990 1070 2030 ad
1100 1988 1410 2038 Quintilianum
1439 2006 1568 2048 expo-

122 2067 311 2110 liendum
349 2071 625 2111 contineatur.
704 2069 759 2109 Et
797 2068 930 2109 totu'm'
974 2069 1142 2123 quidem
1181 2070 1274 2122 ejus
1315 2069 1568 2113 conficiendi

125 2146 345 2188 consilium
375 2148 473 2189 inde
501 2148 729 2203 profectum
763 2156 841 2196 est,
873 2145 984 2200 quod
1015 2144 1285 2200 Spaldingius
1311 2148 1492 2202 primum
1520 2151 1568 2191 in

127 2237 252 2278 opere
279 2225 469 2266 Fabiano
499 2227 758 2268 recensendo
788 2233 830 2266 et
856 2223 1131 2274 illustrando,
1163 2237 1244 2279 quo
1274 2223 1443 2281 longius
1472 2242 1568 2282 pro-

126 2303 306 2353 cederet,
339 2317 388 2344 eo
419 2302 513 2358 plus
543 2303 627 2345 sibi
657 2304 867 2358 agendum
896 2311 1184 2357 proposuerat,
1217 2312 1304 2344 tum
1335 2306 1444 2359 quod
1471 2320 1568 2361 gra-

125 2382 298 2420 vissima
335 2381 525 2422 subsidia
562 2384 706 2423 critica
750 2391 845 2437 post
883 2383 1061 2437 primum
1099 2382 1268 2422 demum
1306 2380 1566 2438 alterumque

126 2457 323 2499 volumen
367 2459 520 2500 editum
563 2463 602 2501 ei
642 2460 906 2515 obtigerant,
956 2461 1135 2515 denique
1188 2460 1300 2515 quod
1338 2461 1421 2516 ipsi
1457 2463 1567 2503 inter

130 2536 281 2577 edendi
310 2551 449 2578 moras
480 2552 564 2579 non
590 2540 745 2594 exigua
765 2539 1106 2580 observationum
1127 2540 1246 2593 copia
1266 2538 1444 2580 subnata
1464 2549 1567 2590 erat,

128 2629 229 2667 quas
250 2615 293 2655 in
314 2613 400 2656 fine
426 2617 554 2657 totius
575 2619 712 2671 operis
735 2632 828 2659 cum
850 2616 1078 2659 lectoribus
1099 2618 1406 2659 communicare
1427 2616 1566 2659 vellet.
