1721 2974
408 154 463 195 αιῖ
495 153 658 207 Quintil.
691 152 820 202 Imn‘t.
850 150 932 203 1P⁷,
969 156 1008 193 3.
1037 155 1073 212 ᾖ.
1092 156 1259 193 6-13.
1472 159 1553 197 221

101 269 192 312 Par.
215 274 254 310 1.
279 276 318 311 2.
425 268 541 322 Quod
571 268 638 309 lib.
669 267 740 310 ‚hic
770 277 807 306 et
835 266 920 307 veh.
969 265 1037 307 Sin
1069 269 1191 307 etiam
1218 265 1328 310 Flor.
1357 265 1484 313 Amb.
1517 275 1554 310 2.

100 337 191 379 Par.
220 344 259 379 2.
294 344 332 378 3.
371 337 425 378 Et
454 339 580 377 omitt,
619 334 748 377 Amb.
781 340 820 377 1.
951 344 1044 373 nota
1070 336 1153 387 jam
1182 350 1319 376 causa.
1365 335 1492 378 Amb.
1518 342 1556 378 1.

96 408 181 459 jam
208 423 330 446 causa
361 416 467 444 noia.
525 403 630 443 Edd.
664 413 756 443 ante
788 401 944 457 Gryph.
972 416 1085 441 meae
1115 418 1234 441 causa
1259 405 1346 458 jam
1373 415 1483 444 noia.

217 475 253 527 §.
286 479 352 514 10.
410 471 492 511 His
521 473 653 523 igitur.
709 469 848 510 Turio.
877 469 1004 511 Amb.
1039 475 1074 509 1.
1104 485 1267 528 quoque
1307 467 1372 511 hic
1418 473 1559 524 igitur.

247 557 321 597 quo
347 540 444 598 fac.
514 538 624 579 Flor.
665 537 793 578 Amb.
828 545 868 579 2.
911 537 1016 592 quocl
1032 537 1127 593 fac.
1268 549 1359 593 post
1396 537 1556 580 dicturi.

106 608 243 650 Turio.
282 608 391 650 Flor.
430 606 546 647 Alm„
585 606 711 647 Amb.
749 611 786 647 1.
828 607 1083 661 proposituri.
1198 622 1242 644 ne
1262 608 1329 660 ‚jus
1364 618 1556 647 nostrum.

103 676 230 717 Amb.
264 680 302 718 1.
341 675 434 730 (nec
465 690 489 714 a
523 690 602 714 seo.
630 674 705 726 m.)
745 672 882 713 Turic.
914 672 1021 714 Flor.
1060 671 1176 714 AJm.
1215 690 1260 712 ne
1286 676 1443 726 justum.

106 747 253 785 invitis.
311 743 449 786 Turio.
480 745 636 783 invitus.
693 741 800 782 Flor.
830 743 1004 781 invictis.

220 814 256 864 §.
292 817 355 853 11.
416 821 545 850 tamen
585 809 724 849 Turio.
762 807 892 849 Amb.
925 815 962 850 1.
1006 811 1209 851 omittmlt.
1322 825 1430 850 naec.
1476 821 1560 852 nat.

108 877 233 920 Goth.
275 879 383 920 Jens.
425 887 464 917 et
503 878 595 918 edd.
634 886 727 916 ante
769 875 924 930 Uryph.
967 878 1150 918 ordinem
1185 886 1357 918 mutant.
1482 881 1566 931 juri

106 949 235 999 magis
264 969 319 977 --·
349 957 416 985 aut
446 947 587 985 minus.
648 943 716 984 Sic
745 943 872 984 Amb.
897 949 934 984 1.
965 944 1073 985 flor.
1105 961 1128 987 a
1158 961 1217 1001 pr.
1244 960 1299 986 m.
1341 945 1381 999 (a
1400 960 1455 987 m.
1481 963 1561 988 sec,

104 1016 224 1053 inser.
254 1014 343 1053 inde
372 1013 506 1067 enim.)
538 1016 690 1052 omissis
720 1013 980 1053 intermediis.
1008 1012 1136 1053 Ambi
1166 1019 1206 1054 2.
1241 1014 1407 1054 exhibet
1435 1017 1566 1068 magis

108 1081 215 1121 haud
243 1085 384 1122 minus.
501 1084 575 1121 erit
605 1082 679 1120 lzoc
709 1083 981 1121 necessarium.
1043 1079 1168 1122 Goth.
1199 1080 1318 1122 Voss.
1353 1087 1394 1124 2.
1433 1085 1563 1122 omitt.
1606 1074 1617 1085 Β

108 1150 198 1190 hoc.
256 1149 365 1190 Jens.
398 1158 439 1189 et
467 1151 557 1190 edd.
591 1150 642 1188 ad
672 1147 806 1190 Colin.
839 1164 965 1203 usque
997 1148 1071 1189 hoc
1098 1152 1171 1193 erit
1201 1166 1285 1189 nec.

225 1219 262 1268 §.
297 1223 363 1259 12.
424 1216 760 1272 παρέκβασιν.
815 1213 939 1256 Amb.
959 1222 994 1258 1.
1023 1219 1273 1272 par-egrasin.
1369 1216 1443 1257 kae
1463 1228 1566 1259 sunt.

107 1284 237 1327 Amb‚
271 1290 309 1328 1.
347 1285 444 1324 hacc
480 1296 582 1326 sunt.
706 1283 968 1338 locorzqume²
1023 1281 1146 1326 Amb.
1186 1289 1223 1324 1.
1263 1283 1452 1326 locorum.

111 1370 239 1393 rerum
264 1352 554 1408 gestarumvcl
580 1354 697 1394 eiiam
712 1351 968 1408 fabularum.
1026 1350 1153 1392 Amb.
1178 1357 1215 1393 1.
1247 1361 1286 1392 et
1313 1352 1420 1394 Flor.
1453 1369 1475 1395 a
1501 1369 1565 1409 pr.

108 1436 165 1461 m.
196 1424 295 1461 item
337 1437 368 1461 r.
395 1437 434 1474 g.
467 1431 507 1460 ut
538 1419 689 1459 laetitia
714 1419 760 1477 f
820 1418 927 1461 Flor.
961 1434 983 1459 a
1014 1435 1092 1460 sec.
1124 1436 1179 1461 m.
1208 1437 1238 1461 r.
1266 1437 1308 1475 g.
1354 1420 1422 1460 secl
1448 1424 1568 1462 etiam

98 1490 196 1547 jab.
230 1504 324 1529 cum
352 1488 444 1529 Par.
478 1495 515 1529 1.
546 1494 584 1528 2.
608 1492 661 1536 3.,
693 1491 771 1527 nisi
801 1488 908 1543 quod
938 1487 983 1526 hi
1012 1488 1110 1527 dant
1124 1487 1426 1544 fizbalosarum,
1456 1490 1569 1544 quod

111 1560 234 1596 etiam
274 1555 402 1597 Amb.
440 1561 480 1596 2.
520 1554 640 1595 Voss.
678 1560 714 1595 1.
750 1560 788 1598 3.
831 1555 998 1601 habent,
1057 1554 1270 1612 [Ceterum
1307 1571 1445 1597 vereor
1485 1573 1566 1609 ne,

111 1625 221 1679 quod
242 1622 500 1678 SpaldIngius
528 1633 758 1665 monstrum
785 1626 1002 1676 scripturae
1031 1627 1203 1677 putavit²
1236 1627 1279 1663 in
1309 1639 1356 1664 eo
1387 1628 1457 1664 alii
1482 1641 1570 1667 nou

110 1693 382 1745 spernendam
422 1693 611 1731 orationis
642 1694 883 1744 elegantiam
913 1700 1145 1744 agnoscant.
1201 1691 1308 1734 Nam
1339 1691 1433 1732 laeti
1461 1703 1567 1734 certe

109 1762 209 1800 tales
237 1762 319 1799 loci
345 1762 448 1811 sint,
481 1775 556 1799 nec
573 1761 667 1799 'fere
696 1761 775 1800 nisi
805 1761 975 1799 ornandi
1003 1763 1129 1813 gratia
1158 1760 1342 1801 adhiberi
1371 1762 1569 1815 possunt]

225 1827 263 1878 §.
297 1832 363 1867 13.
427 1827 513 1879 Quo
544 1842 599 1866 cx
631 1844 721 1881 gen.
785 1826 913 1871 Amb.
945 1833 985 1868 2.
1026 1827 1146 1868 Voss.
1181 1833 1218 1868 1.
1251 1834 1290 1870 3.
1335 1832 1464 1870 omitt.
1488 1845 1566 1870 vezr.

112 1892 255 1947 Camp.
302 1910 399 1948 quae
429 1905 563 1948 eae‘g.
684 1894 726 1936 C·
766 1894 886 1936 Corn.
948 1895 1016 1937 Sic
1061 1899 1183 1935 etiam
1219 1895 1327 1938 Flor.
1367 1896 1493 1938 Amb.
1524 1904 1568 1942 2.

112 1960 197 2001 Sed
224 1959 350 2001 Aan.
374 1966 411 2001 1.
441 1960 532 2002 Par.
559 1967 596 2002 1.
620 1969 658 2005 2.
682 1968 720 2003 3.
756 1962 803 2002 G.
840 1962 957 2004 Corn.
1079 1962 1150 2004 Cn.
1186 1962 1323 2018 Pomp.
1375 1951 1503 2005 Amb.
1529 1970 1569 2006 1.

116 2028 190 2069 Gn.
224 2027 363 2082 Pomp.
425 2027 572 2082 [Notae
601 2034 830 2084 exegeticae
861 2030 1118 2085 Spaldingius
1161 2034 1204 2070 in
1236 2031 1457 2085 exemplari
1494 2047 1568 2072 suo

112 2096 215 2136 haec
255 2096 423 2148 adjecit:
477 2095 805 2150 „Fragmentum
854 2099 1000 2139 harum
1048 2101 1278 2138 orationum
1314 2099 1447 2138 adhuc
1492 2115 1570 2139 ue·-

113 2167 293 2217 glectum
323 2164 431 2217 apud
460 2162 659 2218 Aquilam
687 2164 923 2205 Romanum
950 2181 1040 2219 pag.
1076 2171 1154 2207 156
1184 2167 1456 2221 iuve11itur.“]

114 2232 270 2272 divinus
310 2242 462 2272 orator.
520 2231 657 2273 Turic-
694 2232 802 2274 Flor.
842 2248 865 2273 a
902 2249 962 2288 pr.
995 2249 1051 2274 m.
1090 2233 1157 2273 diu
1193 2244 1385 2275 moratur.
1451 2233 1567 2277 Alm.

115 2300 195 2340 cliv.
224 2310 415 2340 morator.
473 2297 600 2343 Amb.
631 2306 668 2341 1.
715 2301 783 2341 diu
812 2303 1066 2353 immoratur,
1108 2303 1217 2357 quod
1269 2300 1371 2342 Ald.
1408 2317 1570 2358 quoque

116 2369 198 2420 dat,
229 2369 418 2418 adjiciens
448 2379 599 2408 oraior.
725 2368 843 2409 velut.
894 2367 1020 2409 Amb.
1055 2374 1091 2409 1.
1123 2368 1255 2409 veluti.
1381 2381 1569 2412 acimum.

116 2434 186 2476 Sic
223 2438 347 2474 etiam
384 2434 475 2476 Par.
508 2440 548 2476 5.
588 2450 682 2475 cum
719 2434 874 2491 Gryph.
918 2435 1008 2491 (ubi
1045 2438 1143 2477 falso
1181 2436 1325 2477 Burm.
1366 2454 1416 2477 ac
1441 2449 1570 2478 tamen

116 2505 199 2556 legi
235 2501 466 2560 memorat.)
506 2502 614 2544 Flor.
647 2518 669 2543 a
702 2520 762 2558 pr.
794 2520 850 2545 m.
891 2501 982 2545 Par.
1018 2509 1051 2544 1.
1079 2510 1119 2544 2.
1159 2521 1210 2545 ac
1238 2515 1409 2554 tantum,
1451 2521 1570 2547 acce-

121 2570 259 2610 dentes
298 2569 436 2612 Turio.
473 2570 537 2612 At
574 2569 682 2611 Flor.
724 2586 747 2611 a
776 2588 854 2612 sec.
886 2587 940 2611 m.
972 2574 1033 2612 'ac
1063 2582 1198 2612 totum.
1255 2570 1382 2614 Amb.
1411 2578 1449 2615 1.
1491 2575 1570 2614 Ιιασ

121 2647 257 2679 totum.
302 2637 414 2694 [Ho‘c
440 2650 563 2680 totum
590 2648 728 2694 postea
757 2642 840 2695 ipse
860 2639 1119 2696 Spaldingius
1149 2635 1369 2681 emendare
1385 2644 1568 2685 volebat:
