1757 2979
175 130 254 169 454

176 240 289 273 adhuc
321 252 404 276 cum
447 242 692 288 comparativo
739 246 751 277 Ι
787 242 861 283 103,

221 296 288 329 ι106
312 300 389 330 crit.
420 310 558 341 semper
591 302 770 343 praemitti
806 302 863 331 vi-

223 352 300 385 deri
334 354 584 397 Comparativo
619 359 634 390 Ι
669 355 758 399 596,
803 355 863 388 sed

218 407 307 443 falso
332 410 464 453 videri,
500 416 585 457 quin
607 411 739 455 subjici
763 414 868 445 etiam

224 464 257 496 V
287 476 366 510 109.
390 468 443 501 ΙΙΙ
467 467 524 504 60.

181 538 224 544 --
248 527 284 554 et
321 523 371 554 ad
406 523 471 555 hoc
506 521 603 557 conf.
637 523 750 566 1⁴471
788 526 866 557 crit.

228 576 292 619 517
317 579 394 611 crit.
421 579 458 610 V
482 588 556 621 127.

182 632 303 665 aditus
337 635 375 666 in
408 634 499 676 plur.
530 644 680 668 numero
714 646 749 679 p.
774 636 865 680 sing.

226 687 264 721 ΙΙ
289 689 332 720 40
355 691 432 722 crit.

182 741 369 785 Adjectiva
394 745 466 778 duo
483 748 560 779 sine
578 747 707 790 copula
731 748 770 781 ΙΙ
789 746 868 790 457.

183 798 329 839 adjutor
352 798 628 837 ὖποὸιὸοἱσκαλος
652 804 668 836 Ι
693 801 769 846 289.

184 854 374 887 admittere
398 858 438 891 ΙΙ
462 857 539 902 449.

183 908 361 945 Adverbia
385 914 423 946 in
460 915 590 948 —itus
624 917 792 948 exeuntia
817 914 869 949 IV

229 966 307 1000 555.

184 1020 356 1055 adversas
395 1031 430 1057 et
463 1037 609 1059 aversus
640 1028 678 1061 II
712 1037 751 1070 17
788 1028 869 1061 crit.

233 1077 296 1109 165
321 1081 397 1114 crit.
422 1080 474 1114 III
500 1085 539 1116 15
566 1085 643 1117 crit.

185 1130 356 1167 Adulteri
391 1148 507 1179 poena
537 1141 555 1173 Ι
580 1140 656 1184 497.
683 1138 729 1172 ci.
750 1137 786 1172 ΙΙ
811 1151 868 1183 99.

184 1189 373 1224 advocatio
399 1195 436 1226 ΙΙ
459 1194 537 1232 584,

182 1245 379 1280 advocatus
402 1249 436 1281 ΙΙ
460 1260 535 1294 191.
551 1250 713 1284 advocati
733 1260 870 1283 merce-

227 1304 319 1335 narii
356 1304 372 1336 1
396 1305 474 1339 250.
509 1317 575 1350 pro
600 1314 719 1340 actore
743 1317 869 1340 causae

228 1358 264 1391 ΙΙ
291 1358 343 1392 15.

184 1413 290 1446 aedes
313 1423 349 1449 et
372 1416 470 1449 sedes
493 1416 588 1452 conf.
612 1419 646 1450 11
671 1417 712 1451 63
748 1419 824 1451 crit.

183 1470 360 1503 aemulari
382 1481 512 1507 constr.
536 1475 592 1508 IV
614 1485 688 1516 107.

183 1523 334 1561 Aeolica
369 1528 541 1564 dialectus
572 1539 685 1564 mater
727 1530 870 1574 linguae

229 1580 334 1616 Rom.
360 1584 377 1615 Ι
403 1584 478 1617 156.

184 1638 345 1680 aequalis
368 1646 404 1672 et
425 1640 624 1684 aequabilis
647 1641 699 1674 IV
722 1653 779 1683 7ο.

183 1691 376 1727 Aerarium
401 1698 557 1729 sanctius
578 1698 633 1730 IV
660 1698 734 1731 158.

186 1747 333 1792 A'e'rope
359 1751 407 1784 lv
430 1752 506 1794 387.

186 1815 249 1836 aes
273 1812 308 1837 et
331 1818 373 1839 as
403 1807 458 1850 (in
491 1806 586 1844 Cass.
619 1808 747 1854 obliq.)
771 1809 869 1844 conf.

232 1862 272 1894 ΙΙ
299 1861 378 1896 260.

186 1913 388 1952 Aeschines
415 1919 535 1954 Rhodi
559 1920 680 1955 rhetor
710 1921 761 1953 IV
791 1921 868 1955 618.

188 1987 232 1995 ·-
255 1974 292 2005 in
318 1973 475 2019 Ctesiph.
494 1988 576 2021 pag.
600 1977 644 2011 83
660 1975 784 2022 Steph.
808 1978 871 2011 ad-

229 2030 328 2071 jutus
354 2031 371 2063 I
394 2031 471 2073 476.

186 2082 362 2129 Aeschyli
385 2086 525 2121 tabulae
549 2096 727 2123 correctae
752 2089 802 2122 IV
818 2091 871 2124 55.

186 2139 429 2186 Aesopiarum
462 2143 667 2179 fabularum
705 2148 807 2191 origo
838 2147 873 2181 11

233 2197 310 2233 518.

189 2251 299 2287 Aetas
325 2258 527 2299 quaestoria
552 2257 602 2289 tv
625 2258 703 2293 554.

190 2309 336 2353 affectio
360 2319 395 2345 et
420 2312 607 2355 affectatio
622 2314 717 2348 conf.
739 2314 769 2346 V
795 2314 870 2348 160.

189 2365 351 2411 affectus,
375 2375 410 2401 et
431 2367 552 2403 πάθος
586 2377 620 2403 et
644 2365 736 2413 ἦθος
759 2369 872 2403 Grae-

236 2434 362 2457 corum
383 2425 621 2468 complectens
654 2428 689 2460 11
713 2427 778 2460 542
793 2450 802 2468 ‚
827 2427 870 2461 cf.

232 2479 313 2521 490.

188 2533 319 2578 afferre
342 2537 415 2569 vim
440 2537 458 2570 I
483 2537 560 2580 619.

188 2589 387 2635 affirmatio
417 2592 469 2626 IV
494 2593 572 2626 445.

764 133 1025 172 Index.

928 241 1090 277 Africani
1106 239 1282 284 Scipionis
1302 244 1511 286 magnitudo
1537 248 1615 279 ani-

975 301 1024 332 mi
1049 298 1098 332 IV
1123 297 1200 330 232.

932 353 1123 387 Africanus
1146 353 1268 388 Julius
1291 362 1410 388 orator
1434 356 1488 390 111
1512 367 1591 400 290.

933 409 1125 456 agentibus
1164 410 1287 450 rebus,
1322 413 1348 445 i.
1384 422 1414 446 e.
1446 424 1527 446 cum
1568 415 1619 447 tic

980 473 1132 509 agantur
1160 468 1215 500 ΙΙΙ
1241 469 1319 508 457.

932 533 1039 566 agere
1062 528 1097 554 et
1119 521 1248 554 habere
1271 522 1368 558 conf.
1393 522 1429 556 11
1455 524 1517 569 189
1541 525 1618 558 crit.

977 577 1020 611 cf.
1049 577 1101 612 IV
1129 579 1192 611 140
1216 580 1294 612 crit.

932 651 978 659 —
1003 641 1038 666 et
1061 646 1182 678 gerere
1206 636 1302 668 cons.
1328 634 1380 669 IV
1403 634 1445 678 76
1470 636 1549 669 crit.

932 709 977 714 —
999 689 1126 723 bellum
1151 690 1201 722 IV
1225 690 1267 732 76
1302 693 1378 724 crit.
1415 703 1522 736 agere
1544 703 1620 724 ma-

977 747 1174 791 gistratum
1200 748 1235 781 V
1261 758 1337 781 101.

935 813 1048 846 agger
1073 813 1108 844 p.
1133 803 1187 835 via
1211 801 1352 845 publica
1385 804 1442 838 IV
1473 803 1552 848 676.

934 858 1151 902 Aglaophon
1177 860 1293 901 pictor
1324 858 1498 893 confusus
1535 852 1619 894 curu

978 913 1241 957 Aristophonte
1266 915 1323 948 IV
1335 913 1412 948 604.
1437 916 1480 948 cf.
1502 915 1620 949 V445.

936 969 973 1002 ci
997 981 1062 1013 pro
1085 982 1128 1002 ae
1151 972 1354 1004 terminatio
1392 971 1522 1006 declin.
1545 974 1620 1016 pri-

979 1036 1057 1059 mae
1082 1026 1176 1069 apud
1200 1027 1332 1070 virgil.
1369 1028 1387 1061 Ι
1412 1028 1488 1062 185.

935 1081 1073 1115 Albani
1098 1089 1133 1115 et
1156 1081 1329 1115 Albenses
1353 1085 1371 1117 I
1403 1085 1477 1127 147.

935 1137 1053 1171 album
1075 1138 1253 1172 Praetoris
1275 1138 1327 1172 IV
1350 1139 1429 1174 544.

934 1193 1107 1228 Albutius
1131 1194 1255 1227 rhetor
1281 1196 1299 1228 I
1316 1193 1395 1227 562.

934 1250 1090 1284 Alcaeus
1114 1250 1203 1284 levis
1228 1250 1280 1285 IV
1305 1251 1360 1283 52.

935 1306 1143 1341 Alexander
1151 1306 1333 1340 Pheraeus
1352 1308 1491 1341 occisus
1500 1308 1553 1342 ΙΙΙ
1566 1308 1622 1342 26.

935 1362 1173 1397 Alexandrini
1197 1366 1302 1407 pueri
1337 1364 1376 1396 in
1398 1363 1534 1398 deliciis
1557 1364 1621 1399 ha-

980 1418 1046 1451 biti
1073 1419 1088 1451 Ι
1111 1419 1168 1463 59.

935 1473 1073 1508 alienus
1098 1486 1181 1507 cum
1213 1473 1336 1509 Ablat.
1370 1475 1406 1507 II
1429 1474 1509 1519 547·

935 1530 1074 1574 alioqui
1097 1532 1136 1564 II
1163 1542 1213 1563 10.
1240 1530 1292 1564 [V
1320 1530 1394 1573 147.
1427 1531 1567 1577 alioqui
1588 1540 1624 1568 et

983 1586 1145 1631 alioquin
1175 1586 1302 1619 IV618
1326 1589 1402 1620 crit.

936 1642 1132 1687 aliquando
1156 1653 1222 1686 pro
1257 1643 1450 1676 identidem
1464 1668 1474 1686 ,
1497 1643 1623 1679 subin-

981 1699 1025 1731 de
1054 1701 1073 1732 I
1106 1699 1157 1732 15.

937 1754 1125 1798 aliquanto
1151 1766 1186 1797 p.
1211 1754 1319 1798 longe
1345 1755 1362 1787 I
1385 1753 1464 1788 245.

936 1810 1076 1853 aliquid
1097 1811 1211 1843 intell.
1237 1812 1404 1843 momenti
1427 1814 1483 1846 IV
1505 1813 1586 1857 569.

937 1865 1071 1909 aliquis
1102 1877 1137 1909 p.
1170 1867 1261 1901 alius
1294 1869 1376 1912 quis
1411 1869 1430 1902 I
1456 1868 1523 1901 530
1547 1872 1624 1904 crit.

982 1922 1017 1955 ΙΙ
1044 1921 1121 1954 146.

936 1988 1008 2010 non
1032 1977 1139 2010 aliter
1162 1989 1264 2022 quam
1294 1979 1332 2013 II
1358 1979 1434 2013 158.

938 2033 1033 2066 alias
1057 2042 1092 2067 et
1115 2034 1177 2067 ille
1200 2034 1297 2068 conf.
1323 2036 1378 2070 IV
1401 2035 1481 2071 555.

937 2089 1121 2122 allectatio
1145 2092 1161 2124 Ι
1188 2091 1253 2123 228
1274 2094 1351 2125 crit.

938 2145 1101 2191 allegare
1124 2148 1141 2180 I
1165 2147 1242 2191 587.
1267 2149 1304 2182 V
1331 2147 1407 2191 157.

939 2214 1065 2236 amara
1098 2214 1167 2236 vox
1198 2206 1222 2238 i.
1246 2216 1280 2248 q.
1316 2203 1439 2239 acerba
1464 2205 1520 2238 IV
1541 2206 1621 2240 465.

938 2270 1059 2291 amare
1089 2259 1248 2303 aliquem
1297 2260 1418 2301 (amas
1451 2272 1524 2304 me,
1563 2263 1621 2297 lo-

983 2316 1118 2358 quendi
1142 2314 1267 2359 genus)
1294 2318 1330 2350 11
1355 2316 1432 2348 606.

937 2369 1147 2403 ambitiosus
1170 2375 1193 2404 i.
1220 2383 1253 2416 q.
1277 2373 1451 2415 superbus
1474 2373 1530 2407 IV
1542 2375 1620 2417 259.

936 2427 1090 2459 ambitus
1122 2440 1237 2460 rerum
1276 2430 1303 2461 i.
1345 2440 1380 2473 q.
1426 2429 1620 2473 descriptio

980 2483 1035 2515 IV
1065 2485 1114 2516 13.
1350 2495 1352 2498 ’

936 2536 1102 2579 ambitus,
1127 2538 1274 2571 ambitio
1298 2539 1420 2585 signif.
1443 2543 1459 2575 I
1477 2540 1520 2574 46
1536 2541 1618 2576 coll.

981 2595 1017 2628 V
1044 2595 1084 2628 18
1108 2602 1142 2628 et
1167 2596 1220 2629 lv
1243 2593 1320 2638 567.
