1721 2974
147 198 197 233 62
584 190 854 246 supplementa
878 192 1135 234 annotationis

146 307 265 346 refert
292 304 490 359 Regius„
540 303 636 345 haec
673 315 708 344 ct
732 320 843 345 cura
882 305 917 342 ei
944 301 1082 345 Turio.
1112 317 1135 342 a
1162 318 1222 357 pr.
1252 318 1308 346 m.
1363 307 1579 358 Receptam

146 382 278 415 tuetur
319 371 444 414 Amb.
476 376 514 412 1.
623 370 728 428 ficit.
780 369 934 426 prqfuit
977 369 1114 412 Turio.
1151 369 1262 412 Flor.
1301 369 1422 412 Bodl.
1464 371 1578 413 Alm.

145 439 236 482 Bal.
265 438 390 480 Amb.
413 443 450 479 1.
479 436 620 492 Camp.
649 437 781 478 Andr.

260 509 292 562 ξ.
323 511 391 548 29.
449 506 516 546 Αο
546 508 600 554 si,
638 514 683 545 ut
710 506 870 559 optabat
905 501 1069 558 Spald„
1117 513 1270 558 praeter
1297 504 1435 546 Turio.
1463 508 1583 546 etiam

145 577 254 617 Flor.
294 573 396 615 Obr.
437 576 527 613 fort.
567 572 692 612 Amb.
729 576 767 611 1.
828 572 913 625 [cf.
943 570 1114 613 Praefat.
1150 571 1249 612 Vol.
1281 571 1301 612 I
1339 589 1380 626 p.
1416 571 1582 613 LXIX.

147 643 359 697 Supplebis
394 644 514 694 igitur
541 643 585 679 in
612 642 691 679 fine
719 637 810 678 illos
840 650 941 679 certe
967 663 1024 672 -—
1052 642 1137 678 sine
1164 643 1314 679 musice
1342 643 1472 692 legere
1500 655 1585 680 non

145 708 330 764 poterit.]
445 711 610 747 incertus
639 708 761 745 animi
793 705 931 747 Turio.
963 721 987 745 a
1013 722 1091 747 sec.
1122 722 1178 747 m.
1221 706 1355 759 (prius
1385 716 1468 747 erat
1496 723 1586 747 cae-

146 776 233 831 tus)
273 775 394 816 Bodl.
425 774 563 827 Camp.
677 783 733 811 est
762 789 827 813 an.
852 772 960 814 Flor.
1075 772 1165 812 dub.
1196 772 1243 811 cle
1271 773 1325 814 al.
1351 772 1460 814 Flor.

257 848 294 897 §.
328 850 394 884 30.
453 857 568 895 usque
607 849 698 879 ante
736 838 792 879 ad
825 851 924 880 nost.
963 843 1084 880 inser.
1122 839 1260 881 Turio.
1299 840 1409 883 Flor.
1446 840 1586 895 Camp.

145 912 255 954 Jens.
295 920 334 950 et
372 918 461 949 cett.
493 909 583 947 edd.
615 916 706 946 ante
737 905 891 958 Coliu.,
933 922 1013 947 acc.
1047 906 1173 960 Obr.;
1228 923 1280 948 ex
1308 908 1371 948 his
1402 912 1589 949 omittunt

147 996 263 1035 usquc
290 981 418 1032 priore
446 979 534 1015 loco
563 974 672 1016 Flor.
703 972 803 1014 Loc.
835 972 938 1014 Bad.
970 974 1082 1015 Sich.
1115 974 1242 1028 Obr.3
1293 985 1460 1031 utroque
1498 979 1586 1017 loco

148 1048 298 1086 habent
336 1043 473 1084 Turic.
514 1039 573 1096 (is
615 1044 725 1080 enim
762 1042 937 1096 tacetur)
988 1041 1126 1096 Camp.
1164 1042 1274 1085 Jens.
1317 1042 1439 1084 Tarv.
1477 1043 1587 1084 Ven.

147 1114 246 1153 ΑΜ.
304 1110 523 1163 Receptam
558 1118 692 1149 tuetur
730 1107 856 1148 Amb.
883 1114 945 1160 1.,
996 1124 1090 1148 cum
1119 1107 1256 1150 Guelf.
1288 1108 1410 1152 Goth.
1421 1141 1434 1160 ,
1474 1114 1508 1151 si
1539 1113 1588 1152 de

148 1182 209 1220 his
240 1188 343 1218 recte
373 1180 498 1217 tacuit
527 1176 667 1230 Spald.

261 1249 294 1301 ᾗ.
327 1251 393 1286 31.
453 1260 507 1283 em
535 1244 594 1282 his
614 1243 716 1300 quib.
745 1240 886 1285 Turio.
917 1240 1027 1285 Flor.
1057 1241 1179 1284 BodJ.
1205 1242 1320 1284 Ahn.
1347 1243 1439 1285 Bal.
1462 1244 1587 1299 Obr.3

149 1318 244 1371 ipsis
282 1323 417 1354 tuetur
454 1311 580 1351 ΑΜΒ.
610 1315 646 1350 1.
761 1309 876 1349 modo
915 1327 999 1349 sum
1040 1310 1151 1352 Flor.
1266 1329 1412 1367 quaque
1439 1323 1474 1351 et
1501 1315 1590 1367 ipsi.

148 1395 183 1422 ct
221 1385 348 1423 omitt.
384 1379 521 1419 Turio.
558 1377 667 1418 Flor.
708 1375 822 1417 Alm.
860 1376 986 1418 Amb.
1010 1384 1048 1418 1.
1070 1385 1110 1420 2.
1155 1377 1290 1419 Guelf.
1322 1378 1460 1432 Camp.
1498 1379 1592 1434 (qui

148 1459 273 1504 praet.
304 1449 425 1488 habet
454 1461 642 1500 quasque,
673 1453 718 1483 ut
738 1443 876 1485 Turio.
911 1460 933 1483 a
962 1461 1040 1485 sec.
1070 1446 1155 1498 m.)
1269 1446 1454 1501 spaclicas
1483 1446 1593 1499 [Re-

150 1521 237 1571 gius
285 1517 452 1566 conjecit
493 1512 724 1564 sambucas,
775 1513 882 1567 quod
924 1516 1071 1567 recepit
1117 1512 1290 1564 Badius,
1340 1523 1505 1568 uterque
1555 1524 1594 1555 et

151 1583 379 1625 Cervicorn.
409 1584 506 1634 soli,
555 1588 668 1635 puto.
707 1577 876 1632 Spald.]
991 1579 1226 1620 recusandas
1253 1579 1381 1622 Amb.
1406 1585 1444 1621 1.
1483 1580 1593 1623 Flor.

151 1667 174 1692 a
203 1668 282 1692 sec.
309 1665 365 1690 m.
1174 1636 1177 1641 ”

267 1719 304 1768 §.
336 1722 402 1756 32.
462 1716 675 1768 accipimus
713 1711 852 1753 Turio.
893 1712 1003 1755 Flor.
1039 1713 1160 1756 Bodl.
1200 1713 1315 1756 Ahn.
1345 1713 1470 1755 Amb.
1494 1720 1533 1759 1.
1551 1722 1594 1757 2.

154 1786 289 1828 Guels.
319 1785 467 1825 Joann.
500 1781 647 1823 Baliol.
755 1783 882 1834 jussa.
935 1784 1085 1834 jussum
1120 1780 1258 1821 Turio.
1300 1781 1395 1836 (qui
1424 1791 1463 1823 et
1485 1786 1597 1836 juve-

154 1871 236 1894 nem
276 1868 299 1892 a
333 1868 410 1892 sec.
449 1848 535 1904 m.)
574 1848 682 1889 Flor.
723 1847 849 1888 Aanb.
875 1853 913 1888 1.
1029 1846 1092 1886 illi
1119 1864 1215 1901 quae
1244 1845 1447 1887 adhibetur
1475 1853 1597 1889 etiam

152 1922 290 1962 Turic.
323 1935 345 1958 a
371 1933 449 1958 sec.
482 1931 537 1957 m.
566 1916 676 1957 Flor.
708 1929 730 1953 a
755 1931 834 1956 sec.
862 1929 919 1955 m.
951 1914 1020 1967 (in
1046 1923 1214 1969 utroque
1239 1918 1348 1968 prius
1377 1925 1460 1958 erat
1480 1916 1597 1956 adhi-

154 1987 311 2040 beatur)
345 1985 484 2039 Camp.
513 1987 605 2024 fort.
646 1981 771 2022 Amb.
797 1987 835 2022 1.
895 1981 1124 2022 adhibentur
1153 1984 1286 2020 ceteri.
1399 1981 1599 2024 allectiom·

155 2059 275 2096 etlam
305 2053 443 2105 Camp.
472 2051 563 2092 Par.
584 2055 624 2090 2.
646 2054 685 2089 6.
744 2048 994 2089 allactationi
1021 2051 1141 2088 etiam
1167 2048 1257 2089 I‘ar.
1282 2053 1321 2088 1.
1381 2047 1597 2104 [Gebhar-

155 2125 228 2163 dus
259 2119 460 2174 Cre-pund.
492 2124 533 2169 2,
570 2123 594 2157 3
633 2114 769 2170 (apud
800 2115 968 2168 Burm.)
1009 2115 1267 2156 ablactationi
1303 2118 1384 2168 legi
1408 2119 1595 2168 malebat,

155 2193 372 2244 probatque
410 2187 463 2229 sid
504 2189 632 2239 glossa
678 2187 802 2224 veteri
856 2183 1095 2234 (ΖεΖασταιαε,
1145 2180 1595 2235 ἀπογεγαλακτισμένος.

158 2258 291 2297 Etiam
320 2255 539 2295 ablactatus
566 2251 814 2292 Forcellinus
850 2254 895 2290 in
929 2249 1035 2291 Lex.
1063 2250 1170 2304 apud
1197 2250 1492 2303 Hieronymum
1518 2253 1599 2304 legi

159 2330 453 2365 commonstrat.
466 2320 482 2372 ]

274 2392 306 2444 ξ.
339 2395 404 2430 33.
463 2387 595 2427 debent
624 2409 680 2417 —
707 2395 866 2439 possunt
905 2383 1015 2425 Jens.
1046 2392 1084 2424 et
1113 2386 1214 2423 aliae
1243 2383 1335 2422 edd.
1367 2390 1458 2423 ante
1485 2380 1599 2424 Sich.

162 2474 258 2511 quae
286 2459 320 2496 si
349 2454 441 2511 quid
469 2453 550 2510 (al.
577 2468 633 2494 m.
663 2468 762 2493 corr.
792 2451 969 2507 quidem)
1008 2450 1090 2490 dici
1117 2449 1251 2489 debeat
1286 2447 1414 2489 Amb.
1448 2453 1488 2490 1.

164 2535 294 2562 nostro
326 2540 386 2577 op.
415 2521 524 2563 Flor.
640 2522 869 2560 consentient
899 2522 1019 2558 etiam
1049 2517 1186 2559 Turio.
1215 2515 1325 2556 Flor.
1357 2514 1483 2556 Amb.
1509 2520 1548 2557 1.
1575 2530 1599 2555 a

162 2605 242 2630 sec.
272 2605 327 2629 m.
359 2588 493 2644 (prius
523 2596 629 2628 erat:
669 2597 800 2627 nostro
828 2585 961 2626 velint.
1019 2583 1068 2624 In
1092 2599 1219 2637 geom.
1247 2581 1349 2636 cet.)
1379 2581 1470 2623 Par.
1494 2587 1532 2623 1.
1557 2588 1599 2623 2.

168 2662 207 2697 6.
246 2655 383 2709 Cmnp.
426 2656 535 2697 Jens.
574 2663 613 2695 et
640 2662 731 2695 cett.
760 2653 850 2694 edd.
880 2662 972 2694 ante
1003 2650 1186 2706 Gryph.;
1233 2664 1315 2693 acc.
1347 2648 1450 2691 Obr.
1509 2647 1599 2703 [De
