1721 2974
259 134 312 177 ad
343 134 504 189 Quintil.
535 133 660 174 Instit.
692 131 747 182 V,
781 137 844 173 12.
872 133 907 184 §.
929 134 1121 172 15r-23.
1175 135 1237 172 13.
1261 132 1297 184 §.
1321 136 1359 172 1.
1448 136 1529 173 287

103 252 204 291 hem.
262 249 398 293 Guelf.
433 248 627 303 probetur.
747 246 946 287 indicium.
1003 243 1142 285 Turio.
1170 258 1194 283 a
1222 258 1282 298 pr.
1309 259 1363 284 m.
1399 242 1533 284 Guvlf.

96 320 215 360 Voss.
238 324 276 360 3.
299 318 408 360 Jens.
430 316 552 359 Tarv.
568 315 767 370 juditium.
879 311 1058 354 masculi.
1105 310 1174 352 Sio
1204 313 1323 350 etiam
1342 311 1466 351 Amo.
1493 316 1533 352 1.

97 387 206 427 Flor.
235 402 256 428 a
275 403 334 440 pr.
355 400 411 426 m.
441 382 655 424 masculum
675 382 800 424 Sich..
895 380 1078 422 ostendet.
1124 377 1261 419 Etiam
1285 376 1411 419 Amb.
1435 384 1473 419 1.
1497 387 1538 419 et

98 454 204 495 Flor.
235 463 404 494 ostentet.
1550 495 1555 502 .

212 523 248 575 §.
280 526 347 563 21.
407 519 706 574 speciosissima.
761 517 848 560 I’ar.
871 523 907 558 1.
929 519 1050 560 etiam
1069 515 1356 572 speciosissime.
1447 515 1539 570 fin-

97 588 237 644 gerulo.
282 588 408 630 Aan.
429 591 467 626 1.
497 588 656 626 omittit.
686 585 794 628 Flor.
814 584 994 641 vclfing.
1104 580 1359 639 pingendove.
1411 580 1538 622 Amb.

105 663 143 698 1.
159 655 426 712 pingendovet.
475 653 614 694 Turio.
629 652 822 708 pingendo
843 652 918 694 vel.
966 652 1074 693 Flor.
1095 650 1234 705 Calnp.
1254 648 1318 689 vel
1331 649 1538 704 pingendo.

184 725 347 781 efficere.
395 720 535 775 Camp.
545 720 705 778 facere.
789 720 1024 761 inciderunt.
1061 717 1188 762 Amb.
1212 722 1251 758 1.
1273 716 1412 758 Turio.
1434 716 1466 756 F
1468 719 1542 756 lor.

101 789 241 845 Camp.
270 789 396 831 Aan.
425 794 466 831 2.
495 787 615 829 Bodl.
647 787 782 831 Andr.
811 788 1043 829 ceciderunt.
1158 785 1353 838 Bagoam.
1405 782 1543 823 Etiam

100 858 207 900 Flor.
219 858 310 899 Par.
325 863 363 898 1.
378 852 588 897 Bacl‘tam.
609 855 734 899 Amb.
749 863 786 900 1.
800 857 969 897 Bacchi.
1054 852 1333 909 ssffegaByzum.
1358 849 1481 892 Aan.
1500 855 1518 890 1
1529 880 1539 891 .

98 932 142 967 2.
161 925 195 966 F
196 929 268 967 lor.
287 927 428 966 itidem
442 925 719 978 megabuoeum.
809 934 1011 967 sumerent.
1049 922 1174 963 Amb.
1187 928 1227 963 2.
1248 923 1369 960 etiam
1387 935 1547 959 sumere.

186 994 464 1050 Dmyphoron.
512 993 639 1038 Amb.
663 999 701 1036 1.
724 991 863 1046 Camp.
882 991 1138 1047 doriphoron.
1226 998 1372 1043 apium.
1417 986 1545 1027 Amb.

102 1065 141 1100 1.
162 1064 285 1101 etiam
304 1072 448 1105 actum.
552 1061 725 1102 militiae
742 1060 806 1100 vel
821 1059 1058 1115 palaestrae.
1106 1057 1233 1099 Amb.
1268 1061 1307 1096 1.
1335 1055 1479 1095 militia
1505 1068 1545 1095 υ.

96 1128 314 1182 palaestra.
409 1129 482 1172 ul.
512 1145 674 1185 quoque.
723 1127 791 1168 Sic
819 1131 942 1168 etiam
966 1126 1093 1168 Amb.
1117 1131 1155 1179 1».
1176 1131 1217 1166 2.
1239 1123 1330 1166 Par.
1358 1128 1395 1164 1.
1419 1130 1459 1164 2.

99 1195 386 1238 bellicosorum.
437 1196 546 1238 Flor.
579 1196 705 1238 Aan.
729 1202 770 1238 2.
801 1205 841 1236 et
868 1198 944 1249 ipsi
975 1194 1215 1234 bellicorum.
1330 1206 1438 1246 corp.
1461 1189 1546 1232 dcc.

100 1266 168 1304 Sic
189 1267 309 1303 etiam
326 1263 453 1307 Amb.
477 1269 515 1305 1.
531 1270 572 1306 2.
603 1264 693 1306 Par.
718 1269 754 1304 1.
767 1270 807 1305 2.
822 1269 858 1305 3.
944 1262 1028 1303 dec.
1048 1278 1148 1302 vere.
1189 1260 1258 1302 Sic
1277 1261 1413 1300 etiam.
1435 1257 1546 1299 Flor.

183 1334 520 1373 existimaverunt.
570 1331 637 1373 Sic
669 1334 790 1372 etiam
817 1331 906 1372 Par.
927 1336 965 1371 1.
990 1336 1030 1370 2.
1053 1336 1091 1370 3.

214 1401 250 1453 §.
281 1405 348 1441 22.
403 1400 534 1455 Igitur
563 1411 599 1440 et
628 1400 708 1440 ille.
760 1399 869 1441 Jens.
892 1398 1013 1440 Tarv.
1039 1396 1114 1437 Ille
1135 1399 1190 1450 ig.
1213 1405 1261 1436 et.
1311 1392 1414 1436 Loc.
1434 1393 1545 1435 Ven.

103 1470 234 1508 omitt.
256 1479 306 1508 et.
391 1485 498 1523 quem
518 1470 640 1509 instit.
688 1464 828 1511 Turio.
848 1466 880 1508 F
883 1471 955 1507 lor.
974 1469 1112 1507 inserr.
1135 1475 1185 1505 et.
1278 1478 1451 1518 pugnam
1464 1465 1548 1516 jam

103 1537 158 1575 in.
208 1533 343 1577 Guelf.
366 1550 446 1576 om.
473 1538 573 1590 jam.
679 1546 834 1590 spectet.
879 1535 1004 1576 Amb.
1038 1539 1075 1576 1.
1108 1541 1303 1588 expectet.
1404 1530 1550 1588 fier-ire.

104 1601 383 1659 Camp.ferre.
438 1591 442 1595 ¹
484 1620 550 1644 ac.
598 1602 703 1644 Ald.
725 1607 846 1644 etiam
866 1613 949 1644 aut.
1057 1605 1174 1655 exig.
1191 1603 1270 1640 inv.
1291 1616 1428 1655 praec.
1480 1599 1549 1640 Sic

102 1673 224 1710 etiam
242 1670 370 1711 Amb.
394 1676 430 1712 1.
450 1669 542 1712 Par.
566 1675 603 1712 1.
625 1676 660 1711 3.
715 1669 773 1712 At
801 1670 910 1712 Flor.
941 1673 1054 1724 exig.
1076 1672 1362 1723 inventumque,
1404 1670 1548 1708 omisso

97 1754 232 1792 praec.
279 1736 406 1779 Amb.
429 1745 470 1782 2.
498 1754 592 1780 cum
621 1737 757 1780 Guelf.
784 1738 904 1780 Bern.
935 1742 1126 1779 omittunt
1155 1740 1293 1790 exig„
1331 1751 1417 1776 non
1445 1739 1548 1784 inv.,

99 1806 208 1859 quod
236 1807 335 1845 falso
365 1809 556 1847 omissum
583 1815 718 1848 narrat
744 1806 910 1862 Spem„
943 1807 1055 1849 Jens.
1075 1809 1204 1860 erigat
1231 1808 1258 1845 ἰ.
1275 1821 1319 1860 p.
1417 1814 1460 1842 ut
1480 1803 1550 1844 ad.

99 1871 205 1911 Flor.
236 1887 259 1911 a
288 1889 349 1926 pr.
381 1889 437 1915 m.
466 1886 507 1913 ut
534 1874 657 1929 apud.
768 1875 956 1929 gaudent.
1012 1874 1142 1917 Amb.
1177 1879 1215 1916 1.
1248 1878 1288 1914 2.
1317 1871 1408 1915 I‘ar.
1440 1877 1478 1912 1.
1506 1876 1549 1912 3.

88 1941 222 1978 'etiam
245 1939 418 1998 madent.
474 1940 582 1982 Flor.
605 1958 628 1982 a
647 1957 726 1983 sec.
745 1958 801 1983 m.
826 1943 996 1984 laudent.

213 2009 250 2060 §.
279 2013 350 2049 23.
407 2007 521 2048 illud.
577 2008 700 2049 Aan.
734 2014 770 2050 1.
800 2010 910 2051 illuc.
1032 2008 1136 2066 quod
1165 2024 1249 2049 nec.
1304 2006 1444 2061 Camp.
1479 2010 1551 2061 qui

100 2092 184 2115 nec.
286 2075 526 2131 plerumque.
574 2075 715 2131 Camp.
737 2077 976 2133 quandoque.
1073 2080 1278 2132 inceptum.
1324 2079 1484 2118 Desinit
1503 2079 1549 2115 in

98 2143 204 2183 hanc
233 2158 376 2183 vocem
405 2153 524 2197 caput
552 2147 672 2184 etiam
703 2149 748 2184 in
765 2145 890 2185 Aan.
910 2152 947 2186 1.
979 2145 1070 2187 Par.
1091 2152 1131 2188 2.
1156 2151 1196 2186 3.
1255 2144 1339 2186 Sed
1367 2144 1476 2186 Flor.
1507 2152 1549 2184 et

98 2209 294 2264 Amb.2.‚
326 2214 360 2253 si
381 2221 564 2253 accurate
589 2222 683 2254 sunt
702 2215 857 2262 collati,
886 2215 1041 2256 addunt
1070 2224 1321 2256 revertamur.

634 2335 667 2378 C
697 2350 726 2377 Α
758 2352 797 2379 P.
855 2335 1011 2380 XIII.

209 2412 371 2456 Titulus
400 2417 445 2455 in
477 2414 604 2456 Amb.
636 2421 670 2456 1.
701 2425 742 2457 et
765 2422 806 2458 2.
839 2427 897 2459 est
929 2418 1011 2458 DE
1035 2415 1472 2460 REFVTATIONE
1501 2423 1547 2456 ut

100 2481 207 2534 apud
226 2480 522 2524 Burmannum.

210 2549 248 2600 §.
283 2555 320 2591 1.
375 2551 485 2592 Nam
504 2562 551 2592 et.
596 2550 724 2592 Amb.
752 2558 790 2595 1.
812 2540 916 2594 Flor.
939 2557 1128 2595 omittunt
1147 2563 1186 2594 et
1205 2555 1279 2608 ipsi
1297 2564 1348 2594 et.
1432 2552 1542 2593 haec.

100 2613 232 2657 Etiam
262 2616 386 2661 Amb.
414 2624 452 2661 1.
474 2625 516 2662 2.
545 2618 654 2663 Flor.
683 2621 772 2663 Ῐιοο.
885 2626 1061 2678 proprie.
1113 2621 1239 2664 Amb.
1271 2628 1313 2665 2.
1342 2623 1543 2677 propriae.
