1721 2974
328 145 382 186 acl
415 143 579 200 Quzssniil.
611 142 739 183 Instit.
775 140 904 196 V‚·8.
934 144 971 194 §.
999 146 1040 184 7.
1101 146 1140 183 9.
1172 143 1384 194 §.1--9-
1509 144 1592 184 247

240 261 278 313 §.
310 260 351 302 4.
409 270 478 301 aut
508 274 659 298 neccsse
686 281 742 288 —-
769 273 861 301 csse.
918 256 1030 300 Haec
1061 258 1253 297 omittunt
1280 254 1407 297 Amb.
1430 263 1469 297 2.
1499 255 1587 297 Par.

128 335 167 370 2.
190 331 228 370 5.
260 327 372 369 Sich.
483 331 562 382 'quo
592 328 633 365 in
663 327 792 372 causis
819 327 963 380 posito.
1021 324 1150 366 Aan.
1183 329 1222 364 1.
1257 339 1280 364 a
1299 340 1380 366 sec.
1399 339 1455 365 ln.
1488 325 1590 378 quod

128 399 153 436 ι’.
185 413 220 436 c.
248 398 432 451 positum.
548 410 625 433 non
665 403 721 431 est
762 392 813 431 Iis
851 392 972 447 facti.
1031 392 1157 433 Amb.
1190 397 1224 431 1.
1266 409 1305 433 n.
1348 409 1380 433 e.
1421 391 1517 432 aliis
1543 392 1589 448 f

125 463 236 504 Flor.
269 481 305 504 n.
339 480 370 503 e.
413 462 504 503 aliis
543 464 621 501 nisi
645 460 694 518 f.
755 458 880 501 Amb.
913 465 958 502 2.
995 477 1032 503 n.
1061 478 1092 502 e.
1123 461 1173 499 iis
1202 461 1279 498 nisi
1301 458 1339 516 fi
1396 458 1517 500 Voss.
1551 464 1589 500 3.

128 534 163 571 is
193 548 268 572 non
296 529 414 586 ests:

243 601 279 652 §.
312 603 350 641 5.
406 596 607 652 perpendi.
668 595 795 637 Amb.
815 600 855 636 1.
888 594 1079 650 reprendi.
1181 595 1251 637 ibi.
1310 593 1447 635 Turio.
1468 611 1490 635 a
1509 597 1589 636 sec.

127 683 184 708 m.
204 666 331 708 Amb.
352 672 393 707 2.
414 665 492 704 ubi.
579 667 716 703 messis
736 667 804 705 sit.
854 664 945 704 Hoc
968 665 1109 704 ordine
1128 667 1250 704 etiam
1267 662 1375 704 Flor.
1398 661 1522 704 Amb.
1546 669 1587 704 2.

200 745 241 773 ut
262 736 359 788 quis.
412 730 535 773 Goth.
559 742 627 771 aut
648 734 744 787 quis.
841 735 893 771 sit
901 731 1034 788 firro.
1074 730 1199 773 Goth.
1221 734 1279 771 sic
1287 732 1425 788 ferro.
1464 729 1587 772 Amb.

130 808 168 843 1.
209 803 246 840 si
261 800 396 858 flrro.
483 802 551 854 qui
576 803 675 840 sine.
733 797 857 840 Amb.
885 805 920 839 1.
952 803 1038 855 quis
1063 803 1147 840 sine
1175 801 1246 854 (ne
1266 801 1390 853 adjec.
1413 815 1490 840 sec.
1511 797 1590 854 m.)

240 869 279 921 ξ.
313 873 352 909 6.
413 868 494 907 Sed
514 867 717 923 quaedam.
777 867 907 908 Amb.
932 873 972 908 1.
1004 880 1038 908 et
1057 869 1264 924 quaedam.
1323 867 1456 908 Turic-
1477 867 1586 908 Flor.

126 936 196 976 secl
233 947 270 975 et
309 937 515 992 quaedam.
634 947 859 976 retrorsum.
930 935 1059 977 Amb.
1091 942 1130 977 1.
1172 947 1277 977 retro
1314 946 1416 976 sunt.
1483 934 1590 976 Flor.

126 1003 251 1046 Amb.
273 1010 314 1046 2.
346 1004 437 1045 Par.
464 1011 503 1047 1.
529 1009 568 1047 5.
591 1008 714 1045 etiam
743 1013 788 1044 ut
822 1004 958 1044 editio.
1075 1005 1191 1046 idem.
1242 1004 1377 1045 Turio.
1408 1019 1431 1043 a
1449 1019 1509 1056 pr.
1529 1018 1587 1042 m.

126 1072 235 1115 Flor.
268 1073 311 1112 id
349 1084 417 1112 est.
544 1076 671 1128 spirat
701 1084 737 1112 et
765 1075 932 1128 spirare.
991 1071 1131 1114 Turio.
1164 1088 1186 1112 a
1215 1089 1276 1126 pr.
1307 1088 1364 1112 m.
1395 1081 1527 1127 sperat
1552 1081 1589 1110 et

126 1158 300 1197 sperare.
418 1144 460 1181 in
489 1144 746 1182 contrarium.
806 1140 946 1182 Turio.
979 1155 1001 1180 a
1030 1157 1090 1195 pr.
1120 1157 1176 1182 m.
1208 1144 1249 1180 in
1280 1142 1588 1188 contrariarum,

127 1225 151 1249 a
170 1225 249 1249 sec.
269 1225 325 1249 m.
349 1208 491 1264 Camp.
517 1227 537 1249 e
556 1212 770 1250 contrario.
856 1211 1004 1249 iccirco
1024 1233 1083 1241 —-
1098 1209 1332 1263 ingreditur.
1379 1207 1446 1249 Sic
1466 1211 1589 1248 etiam

126 1276 255 1318 Amb.
284 1282 322 1317 1.
382 1277 492 1318 Flor.
525 1281 599 1318 icc.
632 1280 734 1331 ingr.
767 1278 835 1333 qui
865 1289 1054 1317 movetur.
1112 1277 1204 1318 Par.
1233 1283 1270 1318 1.
1291 1284 1332 1318 2.
1361 1278 1436 1317 icc.
1457 1278 1590 1329 ingr-e-

128 1345 236 1385 ditur
256 1348 374 1385 eiiam
394 1348 460 1401 qui
481 1362 584 1387 mov.
614 1343 738 1387 Amb.
758 1352 811 1398 2.‚
839 1349 917 1386 nisi
937 1347 1045 1401 quod
1076 1347 1191 1386 codd.
1215 1361 1354 1386 omnes
1376 1344 1456 1385 isle.
1476 1345 1589 1384 dant.

242 1416 278 1468 §.
312 1421 352 1456 7.
411 1432 497 1455 cum
527 1426 623 1454 esset
647 1417 694 1471 fl.
753 1413 880 1454 Amb.
910 1420 948 1455 1.
981 1431 1068 1454 cum
1099 1425 1154 1452 est
1178 1416 1232 1470 fl.
1273 1412 1378 1468 (sec.
1407 1427 1463 1453 m.
1494 1427 1589 1452 mu-

126 1485 229 1524 tavit
257 1486 349 1523 fort.
381 1499 434 1523 ex
463 1482 603 1538 essct.)
719 1498 840 1537 neque
871 1485 1016 1537 utique.
1075 1481 1143 1523 Sic
1173 1485 1296 1522 etiam
1323 1480 1450 1522 Amb.
1483 1486 1521 1521 1.
1545 1486 1588 1522 2.

216 1568 286 1591 cor
314 1554 393 1606 ejus
422 1552 528 1592 vuln.
587 1551 713 1591 Aan.
751 1555 789 1591 1.
834 1566 992 1605 quoque
1022 1567 1105 1590 cum
1134 1550 1243 1590 vulfe.
1358 1566 1426 1589 nec
1490 1552 1591 1588 nisse

126 1645 186 1654 --
212 1620 312 1660 Aih.
373 1619 440 1660 Sic
468 1623 590 1660 etiam
615 1618 742 1659 Amb.
778 1623 816 1659 1.
848 1625 888 1659 2.
919 1618 1030 1659 Flor.
1071 1615 1177 1674 (nisi
1206 1619 1316 1674 quod
1332 1615 1486 1674 ficisset
1515 1633 1588 1671 pro

115 1681 242 1747 ficit).
262 1689 353 1729 Par.
385 1693 423 1729 1.
454 1694 494 1729 2.
518 1693 555 1728 5.
589 1687 693 1741 (11ἰεί
721 1687 829 1743 quod
862 1691 899 1727 1.
931 1691 969 1728 5.
1001 1691 1192 1728 omittunt
1221 1686 1337 1740 non).
1454 1685 1591 1725 vulne-

129 1769 254 1798 ratus,
314 1756 381 1797 Sic
413 1757 534 1795 etiam
562 1755 672 1795 Flor-.

241 1829 279 1878 §⁶
309 1828 349 1865 8.
409 1821 558 1864 andra.
618 1822 745 1864 Amb.
769 1828 807 1864 1.
830 1830 871 1866 2.
896 1840 1035 1865 εικοια.
1095 1822 1189 1863 Par,
1215 1828 1253 1862 1.
1278 1837 1428 1862 εακαια.
1509 1820 1590 1862 iol-

131 1893 300 1933 lendam.
362 1889 497 1932 Guelf.
537 1890 762 1932 tollendum.
876 1892 965 1932 sola
993 1909 1083 1932 non.
1142 1889 1269 1931 Aan.
1305 1896 1342 1930 1.
1381 1905 1457 1929 non
1485 1889 1587 1940 sola,

130 1962 202 2001 sed
240 1975 316 1999 non
354 1974 432 1998 sec.
474 1973 530 1997 111.
574 1961 788 2011 supplevit.
905 1959 1106 2014 adjuncta.
1165 1957 1293 1998 Aan.
1327 1963 1363 1997 1.
1402 1963 1441 1997 2.
1476 1956 1586 1996 flor.

130 2028 224 2070 I’ar.
251 2034 289 2069 2.
323 2029 444 2066 etiam
473 2025 619 2076 adjuta.
690 2024 931 2079 [Spalding.
959 2036 1079 2066 notae
1110 2041 1225 2079 exeg.
1256 2041 1352 2066 suae
1380 2027 1481 2064 haec
1513 2025 1587 2063 ad-

130 2099 244 2148 jecit:
299 2092 435 2135 εἷκὸτα
465 2094 655 2132 discernit
685 2107 707 2131 a
739 2095 972 2147 τεκμηρίοις
1000 2094 1114 2134 Plato
1144 2094 1317 2133 I'haedr.
1348 2109 1389 2146 p.
1421 2096 1519 2144 266,
1551 2107 1587 2131 e.

134 2163 198 2205 Cf.
237 2162 343 2203 I'lat.
382 2161 589 2201 Phaedon.
621 2165 702 2211 92,
735 2161 774 2200 d.
815 2159 893 2214 ἐγὼ
924 2158 968 2201 δὲ
997 2166 1084 2208 τοῖς
1113 2158 1181 2201 διὰ
1209 2163 1290 2200 τῶν
1320 2157 1486 2200 εἰκότων
1514 2157 1591 2208 τὰς

132 2229 354 2278 ἀποδείξεις
384 2226 641 2281 ποιουμένοις
671 2225 804 2281 λόγοις
835 2226 1001 2277 ξύνοιδα
1031 2222 1146 2269 οὖσιν
1177 2225 1388 2279 ἀλαζόσι]

247 2300 283 2352 §.
317 2304 355 2339 9.
415 2305 572 2337 vocant.
634 2294 768 2337 Guelf.
798 2295 924 2336 Amb.
947 2303 988 2338 2.
1019 2306 1194 2336 vocatur.
1251 2294 1363 2336 Alm.
1392 2306 1588 2336 vocatum.

218 2372 399 2420 σημεῖον.
464 2363 592 2404 Amb.
626 2368 664 2404 1.
704 2377 728 2404 a
755 2380 814 2418 pr.
855 2380 912 2405 m.
951 2377 1101 2418 σημον,
1152 2379 1174 2402 a
1213 2379 1291 2403 sec.
1333 2378 1390 2404 m.
1426 2375 1586 2416 σημιον.

134 2435 268 2476 Turio.
301 2450 323 2475 a
342 2450 402 2489 pr.
423 2448 480 2474 m.
511 2446 680 2485 σημοιν,
712 2447 734 2472 a
756 2448 835 2473 sec.
857 2434 990 2471 sime-n.
1105 2431 1264 2486 quidam
1294 2430 1410 2470 indic.
1457 2429 1586 2473 Amb.

135 2509 176 2544 2.
209 2506 358 2544 omittit
386 2516 560 2557 quoque.
677 2501 761 2541 alia
785 2517 859 2541 res.
919 2499 1028 2541 Jens.
1051 2509 1090 2540 et
1109 2501 1200 2540 edd.
1224 2508 1316 2539 ante
1339 2499 1446 2540 sich.
1461 2532 1472 2550 ,
1496 2514 1585 2540 exo.

135 2570 236 2611 Ald.
258 2573 388 2611 omitt.
408 2569 505 2611 alia.
591 2568 650 2609 At
670 2571 760 2624 quia
778 2585 892 2622 sang.
951 2567 1058 2608 Flor‘.
1078 2566 1203 2607 Amb.
1227 2573 1268 2608 2.
1290 2583 1449 2623 quoque
1481 2585 1529 2607 ac
1550 2584 1585 2607 s.

136 2638 228 2680 Par.
263 2644 302 2680 1.
334 2645 374 2682 2.
411 2642 450 2681 5.
487 2648 529 2679 αι
567 2653 602 2680 s.
720 2639 957 2692 respersisse.
1017 2635 1153 2677 Tutic.
1183 2650 1206 2674 a
1233 2652 1292 2691 pr.
1324 2651 1381 2677 m.
1412 2653 1471 2676 rcs
1495 2652 1588 2691 per-
