1721 2974
102 133 184 171 268
539 129 811 185 Supplemenia
840 133 1106 172 annotationis

214 243 252 293 §.
283 247 351 284 91.
411 242 648 283 concidendi.
702 241 829 283 Amb.
862 247 899 282 1.
928 241 1038 283 Flor.
1069 258 1093 284 a
1121 260 1180 298 pr.
1207 260 1262 290 ιη.
1291 244 1404 287 Ahn.
1433 263 1534 303 quo-

99 325 181 365 que
209 309 452 350 concedendi.
539 312 732 363 gratiora.
780 308 917 348 Etiam
947 309 1074 351 Amb.
1109 317 1147 352 1.
1176 311 1285 352 Flor.
1314 312 1405 354 Par.
1432 321 1469 356 1.
1492 322 1534 356 2.

99 383 138 418 3.
166 380 379 431 graviora,
437 377 540 431 [nec
561 377 676 416 video
699 377 797 431 quid
814 377 1026 430 impediat,
1052 382 1268 433 quomjnus
1288 382 1533 435 recipiatur]

181 447 391 485 mittamus.
439 445 574 484 Etiam
600 443 708 483 Flor.
741 459 762 482 a
792 460 868 484 sec.
899 460 955 485 m.
988 449 1175 487 omittam.

208 514 245 564 §.
278 519 344 555 92.
403 511 475 551 Ex
504 513 663 564 majore.
724 510 832 552 Flor.
863 523 898 551 et
927 515 1083 567 majori.
1143 514 1271 556 Amb.
1293 521 1334 556 2.
1366 531 1535 555 carma-

88 584 197 636 jora.
291 591 476 621 armatos.
527 576 661 619 Guelf.
697 588 888 619 armatus.
982 592 1127 631 movet,
1166 582 1219 623 id.
1269 581 1392 624 Goth.
1422 582 1533 624 Jens.

93 658 136 689 et
158 650 248 689 edd.
274 658 364 687 ante
383 646 513 687 Colin.
533 662 633 686 mov.
657 650 704 686 is.
817 647 955 688 advoc.
978 665 1063 688 non.
1111 649 1182 689 Sic
1204 653 1325 690 etiam
1345 648 1471 692 Amb.
1493 656 1532 690 1.

91 717 201 758 Flor.
286 728 328 756 tu
352 717 537 770 potueris.
593 713 734 768 Camp.
759 732 801 769 p.
833 727 863 756 t.
961 719 995 756 is
1011 716 1170 774 factus.
1216 717 1326 758 Flor.
1349 732 1371 757 a
1390 734 1453 771 pr.
1474 733 1532 759 m.

91 788 127 826 is
162 785 303 840 factis,
419 794 460 822 zu
497 799 604 823 conc,
662 783 789 825 Amb.
828 789 867 824 1.
905 783 1014 825 Flor.
1059 800 1084 824 a
1119 801 1180 839 pr.
1218 801 1274 826 m.
1314 789 1434 826 etiam
1463 788 1532 824 in-

88 869 184 894 sert.
209 869 298 892 non.

202 922 237 972 §.
270 923 336 959 93.
393 917 566 970 Ligarii.
622 917 731 959 Flor.
775 934 796 958 a
826 935 886 972 pr.
917 935 972 959 m
1003 920 1162 973 Ligari.
1276 920 1418 961 dicere.
1478 920 1530 959 Et

88 987 159 1027 ihi.
214 985 342 1027 Amb.
374 990 416 1025 1.
440 985 548 1026 Flor.
580 995 619 1026 et
644 988 720 1039 ipsi
745 985 784 1026 cl.
817 988 900 1030 tibi„
957 987 1048 1028 Par.
1080 993 1121 1028 3.
1142 992 1180 1029 5.
1216 987 1251 1027 tl.
1280 989 1348 1029 ibi.
1460 987 1530 1029 An

86 1054 283 1109 sperandi.
343 1052 470 1095 Amb.
498 1058 534 1093 1.
565 1069 645 1093 om.
675 1070 740 1093 an.
798 1053 906 1094 Flor.
936 1055 1166 1110 superandi,
1206 1059 1349 1095 omisso
1379 1072 1443 1095 an.

85 1122 267 1176 Ligario.
323 1120 460 1160 Turic-
495 1136 516 1160 a
538 1136 617 1161 sec.
639 1137 694 1160 m.
722 1121 942 1174 Ligarium.
998 1122 1109 1162 Flor.
1139 1138 1161 1161 a
1185 1139 1246 1175 pr.
1268 1138 1324 1163 m.
1353 1123 1528 1176 Ligarii.

171 1193 286 1230 eiiam
302 1206 376 1244 pro
403 1188 536 1228 altero.
596 1186 734 1242 Camp.
763 1207 803 1243 p.
825 1206 859 1229 α.
886 1206 916 1230 e.
1030 1190 1143 1228 Itane
1163 1192 1274 1229 scire.
1321 1188 1388 1230 Sic
1409 1194 1530 1230 etiam

85 1256 214 1301 Amb.
242 1264 279 1298 1.
302 1264 342 1299 2.
369 1256 477 1297 Flor.
510 1255 599 1297 l‘ar.
624 1262 660 1296 1.
683 1263 722 1297 2.
745 1262 784 1297 3.
882 1269 937 1297 est
968 1260 1078 1297 satis.
1126 1257 1235 1299 Jens.
1259 1267 1297 1298 et
1321 1259 1412 1299 edd.
1436 1268 1528 1298 ante

84 1324 189 1366 Bad.
219 1343 248 1365 s.
278 1343 318 1367 e.

198 1395 234 1445 §.
267 1394 335 1434 94.
395 1394 538 1432 causis,
593 1390 721 1433 Amb.
747 1398 785 1433 1.
817 1408 978 1448 quoque
1007 1395 1166 1434 omittit.
1224 1393 1334 1435 Jens.
1365 1403 1403 1434 et
1435 1393 1527 1434 edd.

85 1471 180 1502 ante
195 1460 303 1501 Bad.
323 1477 456 1500 causa.
549 1470 730 1513 tempore.
778 1458 918 1514 Cfflnp.
946 1461 1192 1514 temporibus.
1275 1477 1410 1516 praec.
1427 1464 1527 1515 conj.

84 1528 154 1570 Sic
186 1532 307 1568 etiam
337 1527 444 1568 Flor.
478 1527 605 1569 Amb.
638 1533 678 1567 2.
737 1525 800 1569 At
828 1526 957 1570 Amb.
993 1534 1031 1569 1.
1069 1545 1200 1583 praec.
1228 1531 1416 1582 junctum.

82 1597 324 1650 subjecimus.
388 1595 527 1648 Camp.
569 1595 806 1648 subjicimus.
938 1598 985 1636 id
1018 1606 1086 1636 est.
1144 1594 1279 1637 Guelf.
1320 1594 1448 1637 Amb.
1488 1601 1527 1636 2.

83 1662 226 1716 Camp.
254 1663 366 1704 idem.
479 1673 521 1702 ut
552 1663 719 1717 quidque
748 1688 805 1693 ——
833 1666 971 1717 specie.
1029 1663 1157 1706 Amb.
1180 1669 1219 1703 2.
1251 1673 1292 1701 ut
1321 1666 1458 1717 quique
1486 1679 1526 1701 se

81 1734 230 1786 specie,
282 1734 420 1771 ceteris
455 1734 617 1770 omissis.
731 1733 986 1770 incrementis.
1049 1729 1178 1773 Amb.
1209 1735 1246 1770 1.
1281 1731 1526 1771 incremento.

168 1798 283 1837 simil.
311 1824 367 1829 -—
400 1815 549 1852 conseq.
602 1796 729 1839 Amb.
755 1803 789 1837 1.
823 1796 931 1836 Flor.
964 1813 986 1836 a
1007 1814 1065 1850 pr.
1087 1813 1143 1837 1n.
1176 1800 1260 1835 sim.
1283 1814 1400 1851 pugn.
1423 1814 1524 1837 cons.

160 1869 320 1920 jugasis.
379 1865 514 1905 Etiam
545 1864 671 1906 Amb.
704 1870 742 1905 1.
776 1881 798 1904 a
819 1881 879 1918 pr.
905 1881 960 1905 m.
990 1862 1291 1920 Flor.fisgatis.
1326 1863 1452 1905 Amb.
1485 1869 1524 1905 1.

79 1950 103 1974 a
124 1951 202 1975 sec.
221 1950 275 1974 m.
331 1936 468 1974 acatis.
522 1932 650 1973 Amb.
673 1939 712 1973 2.
744 1931 834 1973 Par.
860 1938 896 1972 1.
921 1938 957 1973 5.
985 1934 1127 1971 itidem
1147 1934 1352 1971 omittunf.
1434 1931 1526 1986 plu-

80 2020 155 2042 res.
203 2000 330 2044 Amb.
362 2007 399 2042 2.
427 2001 569 2056 pluris.
681 1999 889 2040 diducitur.
937 1998 1066 2041 Amb.
1089 2004 1126 2039 1.
1147 2005 1186 2040 2.
1214 2014 1376 2054 quoque
1404 1998 1525 2038 dedu-

78 2073 194 2111 citur.

194 2139 229 2190 ᾧ.
262 2141 331 2179 95.
389 2154 464 2177 non
485 2154 510 2176 α
530 2135 635 2192 conf
681 2134 810 2178 Amb.
832 2142 871 2176 2.
895 2150 1053 2190 quoque
1073 2149 1152 2174 om.
1178 2150 1215 2173 α.
1312 2135 1525 2188 afletionee

78 2204 207 2248 Amb.
241 2211 276 2245 1.
309 2221 331 2243 a
358 2221 418 2259 pr.
441 2220 496 2244 m.
529 2221 554 2243 α
574 2206 754 2258 pictione.
812 2202 950 2244 Turio.
983 2205 1191 2259 cifficiione.
1285 2199 1390 2240 καθ’
1420 2196 1523 2240 ὑπό-

78 2277 209 2314 θεσιν.
266 2272 392 2315 Amb.
427 2277 464 2313 1.
494 2272 754 2327 catlzypoesin.
814 2273 952 2312 Guelf.
987 2269 1090 2311 κατὰ
1122 2265 1345 2324 ὑπόκρισιν.
1451 2270 1524 2306 iis-

81 2343 178 2381 dem.
234 2340 363 2382 Amb.
388 2346 426 2381 2.
457 2339 587 2378 isdem.
674 2340 810 2394 quibus
830 2356 910 2393 sup.
963 2338 1089 2380 Amb.
1117 2342 1154 2377 1.
1184 2352 1279 2391 quae
1307 2351 1336 2374 s.
1432 2345 1522 2388 quot

81 2423 203 2448 verae.
260 2408 368 2448 Flor.
404 2423 426 2446 a
444 2424 503 2460 pr.
526 2423 582 2447 m.
614 2407 716 2462 quod
742 2423 871 2454 verre,
922 2422 944 2445 a
963 2422 1039 2446 sec.
1063 2421 1115 2444 m.
1147 2414 1237 2459 quot
1266 2417 1365 2441 vere.

194 2477 230 2527 §.
252 2481 318 2516 96.
375 2476 460 2515 lzoc.
509 2473 633 2515 Goth.
656 2475 765 2515 haec.
851 2474 937 2514 loco
960 2485 1028 2514 esi.
1078 2471 1203 2512 Amb.
1229 2474 1265 2509 1.
1287 2469 1396 2508 Flor.
1418 2483 1523 2523 quo-

80 2557 159 2597 que
179 2545 315 2582 inserr.
338 2544 391 2583 id.
490 2547 536 2582 si.
594 2540 715 2582 Amb.
739 2548 775 2584 1.
807 2557 831 2582 a
849 2558 926 2581 sec.
948 2557 1000 2580 m·
1020 2543 1112 2580 sive.
1216 2553 1360 2576 verum·
1412 2535 1522 2576 Flor-

81 2625 104 2649 a
124 2625 183 2664 pr.
209 2625 262 2649 m.
287 2627 430 2651 veram.
520 2621 587 2649 aut
609 2610 750 2651 solvat.
805 2606 927 2651 Goth.
947 2625 997 2648 αη
1014 2607 1111 2648 solv.
1198 2604 1351 2658 adjuvet
1372 2602 1520 2643 deinde·
