<?xml version="1.0" encoding="UTF-8"?>
<!DOCTYPE html PUBLIC "-//W3C//DTD XHTML 1.0 Transitional//EN"
    "http://www.w3.org/TR/xhtml1/DTD/xhtml1-transitional.dtd">
<html xmlns="http://www.w3.org/1999/xhtml" xml:lang="en" lang="en">
 <head>
  <title>
</title>
<meta http-equiv="Content-Type" content="text/html;charset=utf-8" />
  <meta name='ocr-system' content='tesseract 3.04.00' />
  <meta name='ocr-capabilities' content='ocr_page ocr_carea ocr_par ocr_line ocrx_word'/>
</head>
<body>
  <div class='ocr_page' id='page_1' title='image "./deinstitutioneor05quinuoft_0350.png"; bbox 0 0 1721 2974; ppageno 0'>
   <div class='ocr_carea' id='block_1_1' title="bbox 176 159 1187 215">
    <p class='ocr_par' dir='ltr' id='par_1_1' title="bbox 176 159 1187 215">
     <span class='ocr_line' id='line_1_1' title="bbox 176 159 1187 215; baseline -0.003 -13"><span class='ocrx_word' id='word_1_1' title='bbox 176 166 222 202; x_wconf 88' lang='lat'><em>31</em></span> <span class='ocrx_word' id='word_1_2' title='bbox 232 166 256 202; x_wconf 83' lang='lat' dir='ltr'>S</span> <span class='ocrx_word' id='word_1_3' title='bbox 610 159 884 215; x_wconf 77' lang='lat' dir='ltr'><em>Supplcmema</em></span> <span class='ocrx_word' id='word_1_4' title='bbox 922 162 1187 200; x_wconf 70' lang='lat' dir='ltr'><em>annotationis</em></span> 
     </span>
    </p>
   </div>
   <div class='ocr_carea' id='block_1_2' title="bbox 171 271 1623 786">
    <p class='ocr_par' dir='ltr' id='par_1_2' title="bbox 171 271 1623 786">
     <span class='ocr_line' id='line_1_2' title="bbox 288 271 1619 330; baseline 0.002 -16"><span class='ocrx_word' id='word_1_5' title='bbox 288 275 326 326; x_wconf 89' lang='lat'><em>§.</em></span> <span class='ocrx_word' id='word_1_6' title='bbox 360 277 427 317; x_wconf 88' lang='lat'><em>50.</em></span> <span class='ocrx_word' id='word_1_7' title='bbox 486 273 754 330; x_wconf 79' lang='lat' dir='ltr'><em>satisfacimus</em></span> <span class='ocrx_word' id='word_1_8' title='bbox 793 274 828 311; x_wconf 84' lang='lat' dir='ltr'><em>si</em></span> <span class='ocrx_word' id='word_1_9' title='bbox 854 271 983 328; x_wconf 80' lang='lat' dir='ltr'><em>forie.</em></span> <span class='ocrx_word' id='word_1_10' title='bbox 1044 271 1172 313; x_wconf 82' lang='lat' dir='ltr'><em>Amb.</em></span> <span class='ocrx_word' id='word_1_11' title='bbox 1203 278 1242 313; x_wconf 88' lang='lat'><em>1.</em></span> <span class='ocrx_word' id='word_1_12' title='bbox 1283 272 1392 314; x_wconf 82' lang='lat' dir='ltr'><em>Flor.</em></span> <span class='ocrx_word' id='word_1_13' title='bbox 1431 278 1619 317; x_wconf 71' lang='lat' dir='ltr'><em>omittunt</em></span> 
     </span>
     <span class='ocr_line' id='line_1_3' title="bbox 174 338 1617 397; baseline 0.001 -15"><span class='ocrx_word' id='word_1_14' title='bbox 174 344 296 383; x_wconf 84' lang='lat' dir='ltr'>etiam</span> <span class='ocrx_word' id='word_1_15' title='bbox 314 343 361 382; x_wconf 82' lang='lat' dir='ltr'><em>si.</em></span> <span class='ocrx_word' id='word_1_16' title='bbox 476 345 603 382; x_wconf 79' lang='lat' dir='ltr'><em>amice</em></span> <span class='ocrx_word' id='word_1_17' title='bbox 635 338 796 394; x_wconf 73' lang='lat' dir='ltr'><em>aliquid.</em></span> <span class='ocrx_word' id='word_1_18' title='bbox 851 339 959 379; x_wconf 87' lang='lat' dir='ltr'><em>Flor.</em></span> <span class='ocrx_word' id='word_1_19' title='bbox 991 339 1130 393; x_wconf 86' lang='lat' dir='ltr'><em>Camp.</em></span> <span class='ocrx_word' id='word_1_20' title='bbox 1160 340 1210 379; x_wconf 82' lang='grc' dir='ltr'><em>αἶ.</em></span> <span class='ocrx_word' id='word_1_21' title='bbox 1232 358 1308 381; x_wconf 78' lang='lat' dir='ltr'><em>am.</em></span> <span class='ocrx_word' id='word_1_22' title='bbox 1357 341 1495 382; x_wconf 81' lang='lat' dir='ltr'><em>Turio.</em></span> <span class='ocrx_word' id='word_1_23' title='bbox 1519 359 1540 382; x_wconf 81' lang='lat' dir='ltr'>a</span> <span class='ocrx_word' id='word_1_24' title='bbox 1557 360 1617 397; x_wconf 90' lang='lat' dir='ltr'><em>pr.</em></span> 
     </span>
     <span class='ocr_line' id='line_1_4' title="bbox 172 405 1621 463; baseline 0.001 -14"><span class='ocrx_word' id='word_1_25' title='bbox 172 424 229 449; x_wconf 87' lang='lat' dir='ltr'><em>m.</em></span> <span class='ocrx_word' id='word_1_26' title='bbox 255 425 333 449; x_wconf 87' lang='lat' dir='ltr'><em>am.</em></span> <span class='ocrx_word' id='word_1_27' title='bbox 359 407 529 463; x_wconf 78' lang='lat' dir='ltr'><em>aliquod.</em></span> <span class='ocrx_word' id='word_1_28' title='bbox 618 422 911 446; x_wconf 82' lang='lat' dir='ltr'><em>commonemus.</em></span> <span class='ocrx_word' id='word_1_29' title='bbox 964 405 1099 448; x_wconf 85' lang='lat' dir='ltr'><strong>Guelf.</strong></span> <span class='ocrx_word' id='word_1_30' title='bbox 1121 407 1231 448; x_wconf 81' lang='lat' dir='ltr'><em>JenS.</em></span> <span class='ocrx_word' id='word_1_31' title='bbox 1254 407 1354 449; x_wconf 87' lang='lat' dir='ltr'><em>Loc.</em></span> <span class='ocrx_word' id='word_1_32' title='bbox 1375 409 1484 450; x_wconf 85' lang='lat' dir='ltr'><em>Ven.</em></span> <span class='ocrx_word' id='word_1_33' title='bbox 1515 427 1621 450; x_wconf 87' lang='lat' dir='ltr'><em>com-</em></span> 
     </span>
     <span class='ocr_line' id='line_1_5' title="bbox 171 473 1536 530; baseline 0.001 -15"><span class='ocrx_word' id='word_1_34' title='bbox 171 492 378 516; x_wconf 83' lang='lat' dir='ltr'><em>movemus.</em></span> <span class='ocrx_word' id='word_1_35' title='bbox 491 485 543 513; x_wconf 75' lang='lat' dir='ltr'><em>cs!</em></span> <span class='ocrx_word' id='word_1_36' title='bbox 569 489 658 526; x_wconf 79' lang='lat' dir='ltr'><em>gen.</em></span> <span class='ocrx_word' id='word_1_37' title='bbox 687 489 766 526; x_wconf 78' lang='lat' dir='ltr'><strong><em>egr.</em></strong></span> <span class='ocrx_word' id='word_1_38' title='bbox 812 473 920 514; x_wconf 85' lang='lat' dir='ltr'><em>Flor.</em></span> <span class='ocrx_word' id='word_1_39' title='bbox 954 491 996 527; x_wconf 80' lang='lat' dir='ltr'><em>g.</em></span> <span class='ocrx_word' id='word_1_40' title='bbox 1021 492 1102 528; x_wconf 76' lang='lat' dir='ltr'><em>egr.</em></span> <span class='ocrx_word' id='word_1_41' title='bbox 1125 493 1152 515; x_wconf 87' lang='lat' dir='ltr'><em>e.</em></span> <span class='ocrx_word' id='word_1_42' title='bbox 1203 475 1342 530; x_wconf 84' lang='lat' dir='ltr'><em>Camp.</em></span> <span class='ocrx_word' id='word_1_43' title='bbox 1364 492 1444 516; x_wconf 84' lang='lat' dir='ltr'><em>om.</em></span> <span class='ocrx_word' id='word_1_44' title='bbox 1467 487 1536 517; x_wconf 81' lang='lat' dir='ltr'><em>est.</em></span> 
     </span>
     <span class='ocr_line' id='line_1_6' title="bbox 171 539 1623 598; baseline 0.001 -15"><span class='ocrx_word' id='word_1_45' title='bbox 171 546 328 583; x_wconf 77' lang='lat' dir='ltr'><em>uxoris.</em></span> <span class='ocrx_word' id='word_1_46' title='bbox 378 541 482 583; x_wconf 88' lang='lat' dir='ltr'><em>Jens.</em></span> <span class='ocrx_word' id='word_1_47' title='bbox 508 549 548 580; x_wconf 86' lang='lat' dir='ltr'><em>et</em></span> <span class='ocrx_word' id='word_1_48' title='bbox 574 541 665 580; x_wconf 86' lang='lat' dir='ltr'><strong>edd.</strong></span> <span class='ocrx_word' id='word_1_49' title='bbox 692 549 784 580; x_wconf 84' lang='lat' dir='ltr'><strong>ante</strong></span> <span class='ocrx_word' id='word_1_50' title='bbox 810 539 908 581; x_wconf 88' lang='lat' dir='ltr'><strong>Ald.</strong></span> <span class='ocrx_word' id='word_1_51' title='bbox 931 545 1068 589; x_wconf 66' lang='lat' dir='ltr'><em>uxori.</em></span> <span class='ocrx_word' id='word_1_52' title='bbox 1172 547 1405 598; x_wconf 80' lang='lat' dir='ltr'><em>pecuniaria</em></span> <span class='ocrx_word' id='word_1_53' title='bbox 1426 543 1504 585; x_wconf 78' lang='lat' dir='ltr'><em>lite.</em></span> <span class='ocrx_word' id='word_1_54' title='bbox 1555 544 1623 585; x_wconf 83' lang='lat' dir='ltr'><em>Sic</em></span> 
     </span>
     <span class='ocr_line' id='line_1_7' title="bbox 172 608 1622 652; baseline 0.001 -3"><span class='ocrx_word' id='word_1_55' title='bbox 172 614 294 651; x_wconf 80' lang='lat' dir='ltr'>etiam</span> <span class='ocrx_word' id='word_1_56' title='bbox 329 609 434 649; x_wconf 88' lang='lat' dir='ltr'><em>Flor.</em></span> <span class='ocrx_word' id='word_1_57' title='bbox 467 608 558 648; x_wconf 83' lang='lat' dir='ltr'><strong>Par.</strong></span> <span class='ocrx_word' id='word_1_58' title='bbox 592 613 628 648; x_wconf 91' lang='lat'><em>1.</em></span> <span class='ocrx_word' id='word_1_59' title='bbox 662 613 703 649; x_wconf 86' lang='lat'><em>2.</em></span> <span class='ocrx_word' id='word_1_60' title='bbox 826 608 1119 650; x_wconf 53' lang='lat' dir='ltr'><em>Aenobarbum.</em></span> <span class='ocrx_word' id='word_1_61' title='bbox 1178 608 1314 652; x_wconf 85' lang='lat' dir='ltr'><strong>Guelf.</strong></span> <span class='ocrx_word' id='word_1_62' title='bbox 1357 612 1622 652; x_wconf 72' lang='lat' dir='ltr'><em>Enobarbum.</em></span> 
     </span>
     <span class='ocr_line' id='line_1_8' title="bbox 174 674 1622 730; baseline 0.001 -12"><span class='ocrx_word' id='word_1_63' title='bbox 174 676 296 718; x_wconf 80' lang='lat' dir='ltr'><em>Goth.</em></span> <span class='ocrx_word' id='word_1_64' title='bbox 319 675 613 715; x_wconf 75' lang='lat' dir='ltr'><em>Henobarbum.</em></span> <span class='ocrx_word' id='word_1_65' title='bbox 716 691 807 730; x_wconf 78' lang='lat' dir='ltr'><em>qua.</em></span> <span class='ocrx_word' id='word_1_66' title='bbox 853 674 1019 715; x_wconf 81' lang='lat' dir='ltr'>Omittit</span> <span class='ocrx_word' id='word_1_67' title='bbox 1039 680 1160 716; x_wconf 77' lang='lat' dir='ltr'>etiam</span> <span class='ocrx_word' id='word_1_68' title='bbox 1178 676 1286 718; x_wconf 90' lang='lat' dir='ltr'><em>Flor.</em></span> <span class='ocrx_word' id='word_1_69' title='bbox 1383 679 1622 720; x_wconf 72' lang='lat' dir='ltr'><em>abundabat.</em></span> 
     </span>
     <span class='ocr_line' id='line_1_9' title="bbox 171 740 1318 786; baseline 0.002 -2"><span class='ocrx_word' id='word_1_70' title='bbox 171 744 310 785; x_wconf 79' lang='lat' dir='ltr'><em>Turio.</em></span> <span class='ocrx_word' id='word_1_71' title='bbox 334 740 457 782; x_wconf 83' lang='lat' dir='ltr'><em>Goth.</em></span> <span class='ocrx_word' id='word_1_72' title='bbox 480 741 744 782; x_wconf 74' lang='lat' dir='ltr'><em>habundabat.</em></span> <span class='ocrx_word' id='word_1_73' title='bbox 862 743 980 784; x_wconf 76' lang='lat' dir='ltr'><em>deest.</em></span> <span class='ocrx_word' id='word_1_74' title='bbox 1027 742 1152 785; x_wconf 81' lang='lat' dir='ltr'><em>Goth.</em></span> <span class='ocrx_word' id='word_1_75' title='bbox 1177 744 1318 786; x_wconf 74' lang='lat' dir='ltr'><em>deesse.</em></span> 
     </span>
    </p>
   </div>
   <div class='ocr_carea' id='block_1_3' title="bbox 171 829 1627 1090">
    <p class='ocr_par' dir='ltr' id='par_1_3' title="bbox 171 829 1627 1090">
     <span class='ocr_line' id='line_1_10' title="bbox 285 829 1625 886; baseline 0.003 -16"><span class='ocrx_word' id='word_1_76' title='bbox 285 833 317 883; x_wconf 84' lang='lat'><em>§.</em></span> <span class='ocrx_word' id='word_1_77' title='bbox 351 835 419 872; x_wconf 87' lang='lat'><em>51.</em></span> <span class='ocrx_word' id='word_1_78' title='bbox 481 831 632 871; x_wconf 81' lang='lat' dir='ltr'><em>Omnes.</em></span> <span class='ocrx_word' id='word_1_79' title='bbox 683 829 820 872; x_wconf 77' lang='lat' dir='ltr'><em>Turio.</em></span> <span class='ocrx_word' id='word_1_80' title='bbox 846 847 869 872; x_wconf 88' lang='lat' dir='ltr'>a</span> <span class='ocrx_word' id='word_1_81' title='bbox 888 848 947 886; x_wconf 88' lang='lat' dir='ltr'><em>pr.</em></span> <span class='ocrx_word' id='word_1_82' title='bbox 970 848 1024 873; x_wconf 90' lang='lat' dir='ltr'><em>m.</em></span> <span class='ocrx_word' id='word_1_83' title='bbox 1049 835 1185 873; x_wconf 76' lang='lat' dir='ltr'><em>omnis.</em></span> <span class='ocrx_word' id='word_1_84' title='bbox 1286 844 1390 874; x_wconf 82' lang='lat' dir='ltr'><em>sunt.</em></span> <span class='ocrx_word' id='word_1_85' title='bbox 1437 831 1562 875; x_wconf 75' lang='lat' dir='ltr'><em>Aan.</em></span> <span class='ocrx_word' id='word_1_86' title='bbox 1587 840 1625 874; x_wconf 88' lang='lat'><em>1.</em></span> 
     </span>
     <span class='ocr_line' id='line_1_11' title="bbox 171 898 1627 953; baseline -0.001 -13"><span class='ocrx_word' id='word_1_87' title='bbox 171 900 308 941; x_wconf 82' lang='lat' dir='ltr'><em>Turio.</em></span> <span class='ocrx_word' id='word_1_88' title='bbox 330 914 352 938; x_wconf 86' lang='lat' dir='ltr'>a</span> <span class='ocrx_word' id='word_1_89' title='bbox 372 915 431 953; x_wconf 87' lang='lat' dir='ltr'><em>pr.</em></span> <span class='ocrx_word' id='word_1_90' title='bbox 454 914 508 938; x_wconf 88' lang='lat' dir='ltr'><em>m.</em></span> <span class='ocrx_word' id='word_1_91' title='bbox 532 898 672 952; x_wconf 82' lang='lat' dir='ltr'><em>Camp.</em></span> <span class='ocrx_word' id='word_1_92' title='bbox 700 901 790 939; x_wconf 79' lang='lat' dir='ltr'><em>sint.</em></span> <span class='ocrx_word' id='word_1_93' title='bbox 911 915 965 939; x_wconf 77' lang='lat' dir='ltr'><em>ex</em></span> <span class='ocrx_word' id='word_1_94' title='bbox 987 902 1049 940; x_wconf 85' lang='lat' dir='ltr'><em>iis.</em></span> <span class='ocrx_word' id='word_1_95' title='bbox 1101 899 1211 940; x_wconf 79' lang='lat' dir='ltr'><strong>Sich.</strong></span> <span class='ocrx_word' id='word_1_96' title='bbox 1235 917 1289 940; x_wconf 72' lang='lat' dir='ltr'><em>ex·</em></span> <span class='ocrx_word' id='word_1_97' title='bbox 1311 901 1383 941; x_wconf 75' lang='lat' dir='ltr'><em>his.</em></span> <span class='ocrx_word' id='word_1_98' title='bbox 1491 904 1546 940; x_wconf 82' lang='lat' dir='ltr'><em>sit</em></span> <span class='ocrx_word' id='word_1_99' title='bbox 1567 918 1627 940; x_wconf 84' lang='lat' dir='ltr'><em>res</em></span> 
     </span>
     <span class='ocr_line' id='line_1_12' title="bbox 173 964 1625 1022; baseline 0.001 -15"><span class='ocrx_word' id='word_1_100' title='bbox 173 967 352 1007; x_wconf 77' lang='lat' dir='ltr'><em>eruenda.</em></span> <span class='ocrx_word' id='word_1_101' title='bbox 401 965 468 1006; x_wconf 57' lang='lat' dir='ltr'><em>Sis</em></span> <span class='ocrx_word' id='word_1_102' title='bbox 489 969 611 1006; x_wconf 81' lang='lat' dir='ltr'>etiam</span> <span class='ocrx_word' id='word_1_103' title='bbox 629 964 752 1006; x_wconf 83' lang='lat' dir='ltr'><em>Amb.</em></span> <span class='ocrx_word' id='word_1_104' title='bbox 788 971 826 1008; x_wconf 90' lang='lat'><em>1.</em></span> <span class='ocrx_word' id='word_1_105' title='bbox 848 965 956 1007; x_wconf 88' lang='lat' dir='ltr'><em>Flor.</em></span> <span class='ocrx_word' id='word_1_106' title='bbox 977 967 1068 1008; x_wconf 81' lang='lat' dir='ltr'><strong>Par.</strong></span> <span class='ocrx_word' id='word_1_107' title='bbox 1093 973 1130 1008; x_wconf 84' lang='lat'><em>1.</em></span> <span class='ocrx_word' id='word_1_108' title='bbox 1227 970 1262 1007; x_wconf 83' lang='lat' dir='ltr'><em>si</em></span> <span class='ocrx_word' id='word_1_109' title='bbox 1281 984 1457 1022; x_wconf 77' lang='lat' dir='ltr'><em>usquam.</em></span> <span class='ocrx_word' id='word_1_110' title='bbox 1498 967 1625 1008; x_wconf 87' lang='lat' dir='ltr'><em>Amb.</em></span> 
     </span>
     <span class='ocr_line' id='line_1_13' title="bbox 174 1034 1581 1090; baseline -0.001 -15"><span class='ocrx_word' id='word_1_111' title='bbox 174 1040 212 1075; x_wconf 88' lang='lat'><em>1.</em></span> <span class='ocrx_word' id='word_1_112' title='bbox 231 1038 352 1074; x_wconf 84' lang='lat' dir='ltr'><strong>etiam</strong></span> <span class='ocrx_word' id='word_1_113' title='bbox 376 1036 412 1073; x_wconf 83' lang='lat' dir='ltr'><em>si</em></span> <span class='ocrx_word' id='word_1_114' title='bbox 434 1036 677 1089; x_wconf 81' lang='lat' dir='ltr'><em>cujusquam,</em></span> <span class='ocrx_word' id='word_1_115' title='bbox 717 1049 795 1075; x_wconf 87' lang='lat' dir='ltr'><em>sec.</em></span> <span class='ocrx_word' id='word_1_116' title='bbox 817 1050 869 1073; x_wconf 89' lang='lat' dir='ltr'><em>m.</em></span> <span class='ocrx_word' id='word_1_117' title='bbox 891 1038 1090 1089; x_wconf 77' lang='lat' dir='ltr'><em>expunxit</em></span> <span class='ocrx_word' id='word_1_118' title='bbox 1109 1037 1158 1075; x_wconf 84' lang='lat' dir='ltr'><em>si.</em></span> <span class='ocrx_word' id='word_1_119' title='bbox 1209 1034 1318 1075; x_wconf 88' lang='lat' dir='ltr'><em>Flor.</em></span> <span class='ocrx_word' id='word_1_120' title='bbox 1339 1038 1375 1074; x_wconf 80' lang='lat' dir='ltr'><em>si</em></span> <span class='ocrx_word' id='word_1_121' title='bbox 1393 1038 1581 1090; x_wconf 83' lang='lat' dir='ltr'><em>cuiquam.</em></span> 
     </span>
    </p>
   </div>
   <div class='ocr_carea' id='block_1_4' title="bbox 171 1122 1632 2187">
    <p class='ocr_par' dir='ltr' id='par_1_4' title="bbox 171 1122 1632 2187">
     <span class='ocr_line' id='line_1_14' title="bbox 287 1122 1626 1178; baseline -0.002 -12"><span class='ocrx_word' id='word_1_122' title='bbox 287 1127 326 1177; x_wconf 88' lang='lat'><em>§.</em></span> <span class='ocrx_word' id='word_1_123' title='bbox 357 1130 424 1166; x_wconf 86' lang='lat'><em>52.</em></span> <span class='ocrx_word' id='word_1_124' title='bbox 484 1122 592 1162; x_wconf 76' lang='lat' dir='ltr'><em>Nam</em></span> <span class='ocrx_word' id='word_1_125' title='bbox 623 1139 677 1163; x_wconf 79' lang='lat' dir='ltr'><em>ex</em></span> <span class='ocrx_word' id='word_1_126' title='bbox 709 1123 782 1163; x_wconf 75' lang='lat' dir='ltr'><em>his.</em></span> <span class='ocrx_word' id='word_1_127' title='bbox 832 1122 959 1164; x_wconf 86' lang='lat' dir='ltr'><em>Amb.</em></span> <span class='ocrx_word' id='word_1_128' title='bbox 992 1129 1030 1164; x_wconf 89' lang='lat'><em>1.</em></span> <span class='ocrx_word' id='word_1_129' title='bbox 1073 1123 1127 1164; x_wconf 92' lang='lat' dir='ltr'><em>N.</em></span> <span class='ocrx_word' id='word_1_130' title='bbox 1149 1135 1197 1164; x_wconf 80' lang='lat' dir='ltr'><em>et.</em></span> <span class='ocrx_word' id='word_1_131' title='bbox 1254 1123 1393 1164; x_wconf 79' lang='lat' dir='ltr'><em>Turio.</em></span> <span class='ocrx_word' id='word_1_132' title='bbox 1428 1139 1451 1163; x_wconf 82' lang='lat' dir='ltr'>a</span> <span class='ocrx_word' id='word_1_133' title='bbox 1475 1140 1535 1178; x_wconf 88' lang='lat' dir='ltr'><em>pr.</em></span> <span class='ocrx_word' id='word_1_134' title='bbox 1573 1140 1626 1164; x_wconf 87' lang='lat' dir='ltr'><em>m.</em></span> 
     </span>
     <span class='ocr_line' id='line_1_15' title="bbox 171 1189 1629 1246; baseline -0.003 -12"><span class='ocrx_word' id='word_1_135' title='bbox 171 1193 281 1234; x_wconf 88' lang='lat' dir='ltr'><em>Flor.</em></span> <span class='ocrx_word' id='word_1_136' title='bbox 310 1210 348 1232; x_wconf 84' lang='lat' dir='ltr'><em>n.</em></span> <span class='ocrx_word' id='word_1_137' title='bbox 369 1208 461 1231; x_wconf 85' lang='lat' dir='ltr'><em>esse.</em></span> <span class='ocrx_word' id='word_1_138' title='bbox 517 1189 659 1244; x_wconf 88' lang='lat' dir='ltr'><em>Camp.</em></span> <span class='ocrx_word' id='word_1_139' title='bbox 683 1190 793 1231; x_wconf 86' lang='lat' dir='ltr'><em>Jens.</em></span> <span class='ocrx_word' id='word_1_140' title='bbox 820 1200 859 1230; x_wconf 88' lang='lat' dir='ltr'><em>et</em></span> <span class='ocrx_word' id='word_1_141' title='bbox 879 1192 972 1231; x_wconf 83' lang='lat' dir='ltr'><strong>edd.</strong></span> <span class='ocrx_word' id='word_1_142' title='bbox 996 1200 1087 1230; x_wconf 83' lang='lat' dir='ltr'><em>ante</em></span> <span class='ocrx_word' id='word_1_143' title='bbox 1108 1190 1219 1231; x_wconf 84' lang='lat' dir='ltr'><strong>Sich.</strong></span> <span class='ocrx_word' id='word_1_144' title='bbox 1246 1208 1285 1231; x_wconf 89' lang='lat' dir='ltr'><em>n.</em></span> <span class='ocrx_word' id='word_1_145' title='bbox 1305 1207 1360 1230; x_wconf 76' lang='lat' dir='ltr'><em>ex</em></span> <span class='ocrx_word' id='word_1_146' title='bbox 1383 1193 1447 1232; x_wconf 78' lang='lat' dir='ltr'><em>iis.</em></span> <span class='ocrx_word' id='word_1_147' title='bbox 1531 1208 1629 1246; x_wconf 87' lang='lat' dir='ltr'><em>pos-</em></span> 
     </span>
     <span class='ocr_line' id='line_1_16' title="bbox 172 1256 1630 1313; baseline -0.002 -13"><span class='ocrx_word' id='word_1_148' title='bbox 172 1260 354 1300; x_wconf 76' lang='lat' dir='ltr'><em>siclemus.</em></span> <span class='ocrx_word' id='word_1_149' title='bbox 405 1256 528 1299; x_wconf 89' lang='lat' dir='ltr'><em>Amb.</em></span> <span class='ocrx_word' id='word_1_150' title='bbox 553 1263 591 1298; x_wconf 91' lang='lat'><em>1.</em></span> <span class='ocrx_word' id='word_1_151' title='bbox 621 1258 732 1299; x_wconf 86' lang='lat' dir='ltr'><em>Flor.</em></span> <span class='ocrx_word' id='word_1_152' title='bbox 761 1261 883 1298; x_wconf 82' lang='lat' dir='ltr'>etiam</span> <span class='ocrx_word' id='word_1_153' title='bbox 899 1258 1194 1313; x_wconf 72' lang='lat' dir='ltr'><em>possidebimus,</em></span> <span class='ocrx_word' id='word_1_154' title='bbox 1255 1257 1436 1312; x_wconf 77' lang='lat' dir='ltr'><em>[Utrum</em></span> <span class='ocrx_word' id='word_1_155' title='bbox 1451 1259 1630 1313; x_wconf 78' lang='lat' dir='ltr'><em>posside-</em></span> 
     </span>
     <span class='ocr_line' id='line_1_17' title="bbox 172 1325 1630 1380; baseline -0.001 -13"><span class='ocrx_word' id='word_1_156' title='bbox 172 1345 280 1380; x_wconf 88' lang='lat' dir='ltr'><em>mus,</em></span> <span class='ocrx_word' id='word_1_157' title='bbox 329 1342 381 1366; x_wconf 82' lang='lat' dir='ltr'><em>an</em></span> <span class='ocrx_word' id='word_1_158' title='bbox 419 1341 513 1366; x_wconf 83' lang='lat' dir='ltr'><em>cum</em></span> <span class='ocrx_word' id='word_1_159' title='bbox 552 1329 695 1366; x_wconf 80' lang='lat' dir='ltr'><em>nostris</em></span> <span class='ocrx_word' id='word_1_160' title='bbox 735 1328 938 1366; x_wconf 80' lang='lat' dir='ltr'><em>codicibus</em></span> <span class='ocrx_word' id='word_1_161' title='bbox 982 1325 1265 1380; x_wconf 77' lang='lat' dir='ltr'><em>possidebimus</em></span> <span class='ocrx_word' id='word_1_162' title='bbox 1309 1329 1479 1366; x_wconf 84' lang='lat' dir='ltr'>scribere</span> <span class='ocrx_word' id='word_1_163' title='bbox 1518 1329 1630 1377; x_wconf 84' lang='lat' dir='ltr'><em>velis,</em></span> 
     </span>
     <span class='ocr_line' id='line_1_18' title="bbox 171 1392 1629 1449; baseline -0.001 -15"><span class='ocrx_word' id='word_1_164' title='bbox 171 1395 338 1449; x_wconf 74' lang='lat' dir='ltr'><em>perinde</em></span> <span class='ocrx_word' id='word_1_165' title='bbox 371 1403 442 1434; x_wconf 83' lang='lat' dir='ltr'><em>est.</em></span> <span class='ocrx_word' id='word_1_166' title='bbox 501 1392 584 1433; x_wconf 86' lang='lat' dir='ltr'><em>Sed</em></span> <span class='ocrx_word' id='word_1_167' title='bbox 605 1409 741 1434; x_wconf 83' lang='lat' dir='ltr'><em>sensus</em></span> <span class='ocrx_word' id='word_1_168' title='bbox 762 1403 927 1434; x_wconf 78' lang='lat' dir='ltr'><em>constat.</em></span> <span class='ocrx_word' id='word_1_169' title='bbox 956 1392 1068 1433; x_wconf 82' lang='lat' dir='ltr'><strong>Dicit</strong></span> <span class='ocrx_word' id='word_1_170' title='bbox 1090 1392 1236 1445; x_wconf 72' lang='lat' dir='ltr'><em>Quint.</em></span> <span class='ocrx_word' id='word_1_171' title='bbox 1257 1395 1421 1434; x_wconf 81' lang='lat' dir='ltr'><em>affectus</em></span> <span class='ocrx_word' id='word_1_172' title='bbox 1442 1396 1563 1434; x_wconf 72' lang='lat' dir='ltr'>etiam</span> <span class='ocrx_word' id='word_1_173' title='bbox 1584 1397 1629 1432; x_wconf 86' lang='lat' dir='ltr'><em>in</em></span> 
     </span>
     <span class='ocr_line' id='line_1_19' title="bbox 173 1462 1631 1516; baseline -0.001 -15"><span class='ocrx_word' id='word_1_174' title='bbox 173 1465 370 1516; x_wconf 79' lang='lat' dir='ltr'><em>prioribus</em></span> <span class='ocrx_word' id='word_1_175' title='bbox 402 1463 567 1501; x_wconf 78' lang='lat' dir='ltr'><em>actionis</em></span> <span class='ocrx_word' id='word_1_176' title='bbox 595 1464 772 1515; x_wconf 81' lang='lat' dir='ltr'><em>partibus</em></span> <span class='ocrx_word' id='word_1_177' title='bbox 803 1464 920 1501; x_wconf 77' lang='lat' dir='ltr'><em>miles</em></span> <span class='ocrx_word' id='word_1_178' title='bbox 945 1477 1052 1512; x_wconf 83' lang='lat' dir='ltr'><em>esse,</em></span> <span class='ocrx_word' id='word_1_179' title='bbox 1090 1462 1158 1501; x_wconf 79' lang='lat' dir='ltr'><em>hic</em></span> <span class='ocrx_word' id='word_1_180' title='bbox 1187 1471 1322 1501; x_wconf 78' lang='lat' dir='ltr'><em>autem</em></span> <span class='ocrx_word' id='word_1_181' title='bbox 1349 1464 1378 1501; x_wconf 88' lang='lat' dir='ltr'><em>i.</em></span> <span class='ocrx_word' id='word_1_182' title='bbox 1400 1477 1435 1502; x_wconf 87' lang='lat' dir='ltr'><em>e.</em></span> <span class='ocrx_word' id='word_1_183' title='bbox 1468 1464 1513 1500; x_wconf 88' lang='grc'><em>111</em></span> <span class='ocrx_word' id='word_1_184' title='bbox 1544 1464 1631 1514; x_wconf 84' lang='lat' dir='ltr'>epi-</span> 
     </span>
     <span class='ocr_line' id='line_1_20' title="bbox 173 1529 1629 1586; baseline -0.001 -16"><span class='ocrx_word' id='word_1_185' title='bbox 173 1533 290 1583; x_wconf 85' lang='lat' dir='ltr'><em>logo,</em></span> <span class='ocrx_word' id='word_1_186' title='bbox 339 1531 580 1568; x_wconf 78' lang='lat' dir='ltr'><em>necessarios</em></span> <span class='ocrx_word' id='word_1_187' title='bbox 623 1538 661 1568; x_wconf 87' lang='lat' dir='ltr'><em>et</em></span> <span class='ocrx_word' id='word_1_188' title='bbox 700 1532 825 1568; x_wconf 85' lang='lat' dir='ltr'>libere</span> <span class='ocrx_word' id='word_1_189' title='bbox 855 1530 1178 1586; x_wconf 74' lang='lat' dir='ltr'><em>profundendos:</em></span> <span class='ocrx_word' id='word_1_190' title='bbox 1227 1544 1323 1568; x_wconf 83' lang='lat' dir='ltr'><em>nam</em></span> <span class='ocrx_word' id='word_1_191' title='bbox 1349 1529 1446 1568; x_wconf 78' lang='lat' dir='ltr'><em>hinc</em></span> <span class='ocrx_word' id='word_1_192' title='bbox 1476 1531 1629 1568; x_wconf 84' lang='lat' dir='ltr'><em>animos</em></span> 
     </span>
     <span class='ocr_line' id='line_1_21' title="bbox 173 1595 1632 1649; baseline 0 -13"><span class='ocrx_word' id='word_1_193' title='bbox 173 1598 353 1649; x_wconf 76' lang='lat' dir='ltr'><em>judjcum</em></span> <span class='ocrx_word' id='word_1_194' title='bbox 379 1611 644 1649; x_wconf 81' lang='lat' dir='ltr'><em>occupamus,</em></span> <span class='ocrx_word' id='word_1_195' title='bbox 685 1599 764 1635; x_wconf 81' lang='lat' dir='ltr'><em>nisi</em></span> <span class='ocrx_word' id='word_1_196' title='bbox 794 1599 927 1649; x_wconf 86' lang='lat' dir='ltr'><em>priora</em></span> <span class='ocrx_word' id='word_1_197' title='bbox 955 1599 1026 1635; x_wconf 82' lang='lat' dir='ltr'><strong>illa</strong></span> <span class='ocrx_word' id='word_1_198' title='bbox 1055 1599 1161 1635; x_wconf 78' lang='lat' dir='ltr'><em>male</em></span> <span class='ocrx_word' id='word_1_199' title='bbox 1194 1606 1361 1636; x_wconf 74' lang='lat' dir='ltr'><strong>tractata</strong></span> <span class='ocrx_word' id='word_1_200' title='bbox 1392 1605 1499 1636; x_wconf 85' lang='lat' dir='ltr'><em>sunt.</em></span> <span class='ocrx_word' id='word_1_201' title='bbox 1557 1595 1632 1636; x_wconf 86' lang='lat' dir='ltr'><em>Est</em></span> 
     </span>
     <span class='ocr_line' id='line_1_22' title="bbox 174 1663 1631 1718; baseline 0 -15"><span class='ocrx_word' id='word_1_202' title='bbox 174 1667 297 1717; x_wconf 81' lang='lat' dir='ltr'><em>igitur</em></span> <span class='ocrx_word' id='word_1_203' title='bbox 326 1664 416 1703; x_wconf 74' lang='lat' dir='ltr'><em>hinc</em></span> <span class='ocrx_word' id='word_1_204' title='bbox 447 1667 529 1703; x_wconf 80' lang='lat' dir='ltr'><em>sive</em></span> <span class='ocrx_word' id='word_1_205' title='bbox 562 1678 616 1702; x_wconf 74' lang='lat' dir='ltr'><em>ex</em></span> <span class='ocrx_word' id='word_1_206' title='bbox 647 1663 707 1702; x_wconf 74' lang='lat' dir='ltr'><em>his</em></span> <span class='ocrx_word' id='word_1_207' title='bbox 731 1664 842 1702; x_wconf 86' lang='lat' dir='ltr'><em>idem</em></span> <span class='ocrx_word' id='word_1_208' title='bbox 870 1666 951 1702; x_wconf 84' lang='lat' dir='ltr'>sere</span> <span class='ocrx_word' id='word_1_209' title='bbox 978 1664 1087 1718; x_wconf 83' lang='lat' dir='ltr'><em>quod</em></span> <span class='ocrx_word' id='word_1_210' title='bbox 1109 1663 1190 1713; x_wconf 76' lang='lat' dir='ltr'><em>his,</em></span> <span class='ocrx_word' id='word_1_211' title='bbox 1221 1663 1319 1704; x_wconf 89' lang='lat' dir='ltr'><strong>Abl.</strong></span> <span class='ocrx_word' id='word_1_212' title='bbox 1341 1667 1631 1704; x_wconf 72' lang='lat' dir='ltr'><em>instrumenta-</em></span> 
     </span>
     <span class='ocr_line' id='line_1_23' title="bbox 175 1729 1628 1786; baseline -0.001 -14"><span class='ocrx_word' id='word_1_213' title='bbox 175 1734 270 1783; x_wconf 80' lang='lat' dir='ltr'><strong>liS.]</strong></span> <span class='ocrx_word' id='word_1_214' title='bbox 368 1730 560 1785; x_wconf 76' lang='lat' dir='ltr'><em>judicum.</em></span> <span class='ocrx_word' id='word_1_215' title='bbox 609 1729 747 1770; x_wconf 80' lang='lat' dir='ltr'><em>Turio.</em></span> <span class='ocrx_word' id='word_1_216' title='bbox 775 1745 797 1769; x_wconf 87' lang='lat' dir='ltr'>a</span> <span class='ocrx_word' id='word_1_217' title='bbox 817 1746 875 1783; x_wconf 88' lang='lat' dir='ltr'><em>pr.</em></span> <span class='ocrx_word' id='word_1_218' title='bbox 895 1744 948 1769; x_wconf 90' lang='lat' dir='ltr'><em>m.</em></span> <span class='ocrx_word' id='word_1_219' title='bbox 970 1729 1107 1782; x_wconf 85' lang='lat' dir='ltr'><em>Camp.</em></span> <span class='ocrx_word' id='word_1_220' title='bbox 1122 1729 1328 1782; x_wconf 77' lang='lat' dir='ltr'><em>judicium.</em></span> <span class='ocrx_word' id='word_1_221' title='bbox 1433 1742 1468 1770; x_wconf 87' lang='lat' dir='ltr'><em>et</em></span> <span class='ocrx_word' id='word_1_222' title='bbox 1499 1730 1628 1786; x_wconf 81' lang='lat' dir='ltr'><em>confr.</em></span> 
     </span>
     <span class='ocr_line' id='line_1_24' title="bbox 175 1796 1629 1852; baseline -0.001 -13"><span class='ocrx_word' id='word_1_223' title='bbox 175 1797 298 1839; x_wconf 86' lang='lat' dir='ltr'><em>Amb.</em></span> <span class='ocrx_word' id='word_1_224' title='bbox 325 1804 362 1839; x_wconf 89' lang='lat'><em>1.</em></span> <span class='ocrx_word' id='word_1_225' title='bbox 394 1813 417 1838; x_wconf 83' lang='lat' dir='ltr'>a</span> <span class='ocrx_word' id='word_1_226' title='bbox 444 1814 521 1838; x_wconf 87' lang='lat' dir='ltr'><em>sec.</em></span> <span class='ocrx_word' id='word_1_227' title='bbox 553 1813 608 1837; x_wconf 91' lang='lat' dir='ltr'><em>m.</em></span> <span class='ocrx_word' id='word_1_228' title='bbox 639 1796 746 1837; x_wconf 89' lang='lat' dir='ltr'><em>Flor.</em></span> <span class='ocrx_word' id='word_1_229' title='bbox 781 1800 902 1837; x_wconf 80' lang='lat' dir='ltr'>etiam</span> <span class='ocrx_word' id='word_1_230' title='bbox 923 1800 1104 1836; x_wconf 79' lang='lat' dir='ltr'><em>inserunt</em></span> <span class='ocrx_word' id='word_1_231' title='bbox 1126 1814 1156 1837; x_wconf 87' lang='lat' dir='ltr'><em>e.</em></span> <span class='ocrx_word' id='word_1_232' title='bbox 1278 1799 1440 1852; x_wconf 83' lang='lat' dir='ltr'><em>asperis.</em></span> <span class='ocrx_word' id='word_1_233' title='bbox 1492 1796 1629 1838; x_wconf 85' lang='lat' dir='ltr'><strong>Guelf.</strong></span> 
     </span>
     <span class='ocr_line' id='line_1_25' title="bbox 176 1862 1628 1920; baseline -0.001 -15"><span class='ocrx_word' id='word_1_234' title='bbox 176 1868 365 1920; x_wconf 82' lang='lat' dir='ltr'><em>asperius.</em></span> <span class='ocrx_word' id='word_1_235' title='bbox 451 1876 545 1905; x_wconf 74' lang='lat' dir='ltr'><em>tuto.</em></span> <span class='ocrx_word' id='word_1_236' title='bbox 597 1864 664 1907; x_wconf 79' lang='lat' dir='ltr'><em>Sic</em></span> <span class='ocrx_word' id='word_1_237' title='bbox 683 1868 803 1904; x_wconf 80' lang='lat' dir='ltr'>etiam</span> <span class='ocrx_word' id='word_1_238' title='bbox 832 1865 923 1905; x_wconf 85' lang='lat' dir='ltr'><strong>Par.</strong></span> <span class='ocrx_word' id='word_1_239' title='bbox 947 1870 987 1905; x_wconf 86' lang='lat'><em>2.</em></span> <span class='ocrx_word' id='word_1_240' title='bbox 1042 1876 1122 1904; x_wconf 74' lang='lat' dir='ltr'><em>toto</em></span> <span class='ocrx_word' id='word_1_241' title='bbox 1152 1862 1275 1903; x_wconf 77' lang='lat' dir='ltr'><em>Aan.</em></span> <span class='ocrx_word' id='word_1_242' title='bbox 1304 1869 1364 1915; x_wconf 89' lang='lat'><em>1.‚</em></span> <span class='ocrx_word' id='word_1_243' title='bbox 1403 1865 1474 1903; x_wconf 84' lang='lat' dir='ltr'><em>sed</em></span> <span class='ocrx_word' id='word_1_244' title='bbox 1501 1879 1525 1903; x_wconf 83' lang='lat' dir='ltr'>a</span> <span class='ocrx_word' id='word_1_245' title='bbox 1551 1880 1628 1904; x_wconf 85' lang='lat' dir='ltr'><em>sec.</em></span> 
     </span>
     <span class='ocr_line' id='line_1_26' title="bbox 176 1930 1630 1986; baseline -0.002 -13"><span class='ocrx_word' id='word_1_246' title='bbox 176 1949 232 1973; x_wconf 89' lang='lat' dir='ltr'><em>m.</em></span> <span class='ocrx_word' id='word_1_247' title='bbox 266 1943 364 1984; x_wconf 79' lang='lat' dir='ltr'><em>tota,</em></span> <span class='ocrx_word' id='word_1_248' title='bbox 395 1948 488 1972; x_wconf 86' lang='lat' dir='ltr'><em>cum</em></span> <span class='ocrx_word' id='word_1_249' title='bbox 506 1933 597 1973; x_wconf 83' lang='lat' dir='ltr'>Par.</span> <span class='ocrx_word' id='word_1_250' title='bbox 621 1937 658 1973; x_wconf 92' lang='lat'><em>1.</em></span> <span class='ocrx_word' id='word_1_251' title='bbox 771 1948 989 1986; x_wconf 82' lang='lat' dir='ltr'><em>possumus.</em></span> <span class='ocrx_word' id='word_1_252' title='bbox 1039 1930 1168 1971; x_wconf 86' lang='lat' dir='ltr'><em>Amb.</em></span> <span class='ocrx_word' id='word_1_253' title='bbox 1193 1936 1231 1971; x_wconf 88' lang='lat'><em>1.</em></span> <span class='ocrx_word' id='word_1_254' title='bbox 1267 1930 1404 1971; x_wconf 84' lang='lat' dir='ltr'><em>Turio.</em></span> <span class='ocrx_word' id='word_1_255' title='bbox 1438 1946 1462 1970; x_wconf 77' lang='lat' dir='ltr'>a</span> <span class='ocrx_word' id='word_1_256' title='bbox 1484 1946 1545 1984; x_wconf 86' lang='lat' dir='ltr'><em>pr.</em></span> <span class='ocrx_word' id='word_1_257' title='bbox 1575 1947 1630 1970; x_wconf 87' lang='lat' dir='ltr'><em>m.</em></span> 
     </span>
     <span class='ocr_line' id='line_1_27' title="bbox 176 1997 1630 2055; baseline -0.001 -14"><span class='ocrx_word' id='word_1_258' title='bbox 176 2000 284 2041; x_wconf 89' lang='lat' dir='ltr'><em>Flor.</em></span> <span class='ocrx_word' id='word_1_259' title='bbox 316 2016 339 2040; x_wconf 84' lang='lat' dir='ltr'>a</span> <span class='ocrx_word' id='word_1_260' title='bbox 370 2016 446 2041; x_wconf 85' lang='lat' dir='ltr'><em>seo.</em></span> <span class='ocrx_word' id='word_1_261' title='bbox 482 2016 535 2039; x_wconf 90' lang='lat' dir='ltr'><em>m.</em></span> <span class='ocrx_word' id='word_1_262' title='bbox 575 2002 781 2055; x_wconf 64' lang='lat' dir='ltr'><em>poss-imm.</em></span> <span class='ocrx_word' id='word_1_263' title='bbox 836 1998 945 2039; x_wconf 87' lang='lat' dir='ltr'><em>Flor.</em></span> <span class='ocrx_word' id='word_1_264' title='bbox 988 2014 1009 2037; x_wconf 87' lang='lat' dir='ltr'>a</span> <span class='ocrx_word' id='word_1_265' title='bbox 1036 2014 1096 2052; x_wconf 83' lang='lat' dir='ltr'><em>pr.</em></span> <span class='ocrx_word' id='word_1_266' title='bbox 1124 2014 1178 2038; x_wconf 86' lang='grc'><strong>111.</strong></span> <span class='ocrx_word' id='word_1_267' title='bbox 1217 1997 1390 2037; x_wconf 84' lang='lat' dir='ltr'><em>velimus.</em></span> <span class='ocrx_word' id='word_1_268' title='bbox 1503 2009 1630 2053; x_wconf 83' lang='lat' dir='ltr'><em>atque.</em></span> 
     </span>
     <span class='ocr_line' id='line_1_28' title="bbox 177 2063 1629 2120; baseline -0.001 -12"><span class='ocrx_word' id='word_1_269' title='bbox 177 2067 304 2108; x_wconf 81' lang='lat' dir='ltr'><em>Amb.</em></span> <span class='ocrx_word' id='word_1_270' title='bbox 331 2073 369 2108; x_wconf 87' lang='lat'><em>1.</em></span> <span class='ocrx_word' id='word_1_271' title='bbox 396 2067 504 2109; x_wconf 84' lang='lat' dir='ltr'><em>Flor.</em></span> <span class='ocrx_word' id='word_1_272' title='bbox 542 2066 681 2120; x_wconf 84' lang='lat' dir='ltr'><em>Camp.</em></span> <span class='ocrx_word' id='word_1_273' title='bbox 714 2078 762 2107; x_wconf 79' lang='lat' dir='ltr'><em>et.</em></span> <span class='ocrx_word' id='word_1_274' title='bbox 821 2065 944 2107; x_wconf 85' lang='lat' dir='ltr'><em>Goth.</em></span> <span class='ocrx_word' id='word_1_275' title='bbox 971 2083 1032 2105; x_wconf 84' lang='lat' dir='ltr'><em>ac.</em></span> <span class='ocrx_word' id='word_1_276' title='bbox 1146 2065 1394 2105; x_wconf 77' lang='lat' dir='ltr'><em>clauduntur.</em></span> <span class='ocrx_word' id='word_1_277' title='bbox 1440 2063 1564 2107; x_wconf 86' lang='lat' dir='ltr'><em>Amb.</em></span> <span class='ocrx_word' id='word_1_278' title='bbox 1590 2071 1629 2106; x_wconf 87' lang='lat'><em>1.</em></span> 
     </span>
     <span class='ocr_line' id='line_1_29' title="bbox 177 2132 1518 2187; baseline -0.001 -12"><span class='ocrx_word' id='word_1_279' title='bbox 177 2135 440 2175; x_wconf 75' lang='lat' dir='ltr'><em>cluclutuntur.</em></span> <span class='ocrx_word' id='word_1_280' title='bbox 549 2134 740 2175; x_wconf 74' lang='lat' dir='ltr'><em>Plaudite.</em></span> <span class='ocrx_word' id='word_1_281' title='bbox 792 2132 918 2174; x_wconf 88' lang='lat' dir='ltr'><em>Amb.</em></span> <span class='ocrx_word' id='word_1_282' title='bbox 949 2139 987 2173; x_wconf 88' lang='lat'><em>1.</em></span> <span class='ocrx_word' id='word_1_283' title='bbox 1010 2133 1118 2173; x_wconf 87' lang='lat' dir='ltr'><em>Flor.</em></span> <span class='ocrx_word' id='word_1_284' title='bbox 1147 2149 1168 2173; x_wconf 85' lang='lat' dir='ltr'>a</span> <span class='ocrx_word' id='word_1_285' title='bbox 1187 2149 1246 2187; x_wconf 87' lang='lat' dir='ltr'><em>pr.</em></span> <span class='ocrx_word' id='word_1_286' title='bbox 1268 2149 1325 2173; x_wconf 89' lang='lat' dir='ltr'><em>m.</em></span> <span class='ocrx_word' id='word_1_287' title='bbox 1355 2132 1518 2187; x_wconf 75' lang='lat' dir='ltr'><em>plodite.</em></span> 
     </span>
    </p>
   </div>
   <div class='ocr_carea' id='block_1_5' title="bbox 179 2221 1659 2684">
    <p class='ocr_par' dir='ltr' id='par_1_5' title="bbox 179 2221 1659 2684">
     <span class='ocr_line' id='line_1_30' title="bbox 294 2221 1631 2280; baseline -0.003 -14"><span class='ocrx_word' id='word_1_288' title='bbox 294 2227 331 2276; x_wconf 86' lang='lat'><em>§.</em></span> <span class='ocrx_word' id='word_1_289' title='bbox 364 2230 432 2266; x_wconf 85' lang='lat'><em>53.</em></span> <span class='ocrx_word' id='word_1_290' title='bbox 490 2224 654 2280; x_wconf 76' lang='lat' dir='ltr'><em>affictus</em></span> <span class='ocrx_word' id='word_1_291' title='bbox 676 2227 762 2264; x_wconf 80' lang='lat' dir='ltr'><strong><em>erit.</em></strong></span> <span class='ocrx_word' id='word_1_292' title='bbox 813 2223 920 2264; x_wconf 87' lang='lat' dir='ltr'><em>Flor.</em></span> <span class='ocrx_word' id='word_1_293' title='bbox 944 2222 1082 2276; x_wconf 83' lang='lat' dir='ltr'><em>Camp.</em></span> <span class='ocrx_word' id='word_1_294' title='bbox 1103 2240 1155 2263; x_wconf 85' lang='lat' dir='ltr'><em>er.</em></span> <span class='ocrx_word' id='word_1_295' title='bbox 1176 2223 1248 2278; x_wconf 77' lang='lat' dir='ltr'><em>aff</em></span> <span class='ocrx_word' id='word_1_296' title='bbox 1294 2221 1429 2262; x_wconf 83' lang='lat' dir='ltr'><strong>Turio.</strong></span> <span class='ocrx_word' id='word_1_297' title='bbox 1449 2237 1470 2261; x_wconf 89' lang='lat' dir='ltr'>a</span> <span class='ocrx_word' id='word_1_298' title='bbox 1491 2238 1550 2275; x_wconf 84' lang='lat' dir='ltr'><em>pr.</em></span> <span class='ocrx_word' id='word_1_299' title='bbox 1573 2237 1631 2262; x_wconf 89' lang='lat' dir='ltr'><em>m.</em></span> 
     </span>
     <span class='ocr_line' id='line_1_31' title="bbox 179 2284 1633 2349; baseline -0.003 -17"><span class='ocrx_word' id='word_1_300' title='bbox 179 2293 338 2349; x_wconf 69' lang='lat' dir='ltr'><em>effictus</em></span> <span class='ocrx_word' id='word_1_301' title='bbox 359 2310 413 2334; x_wconf 82' lang='lat' dir='ltr'><em>er.</em></span> <span class='ocrx_word' id='word_1_302' title='bbox 476 2291 760 2345; x_wconf 81' lang='lat' dir='ltr'><em>[Spaldingius</em></span> <span class='ocrx_word' id='word_1_303' title='bbox 792 2294 925 2331; x_wconf 81' lang='lat' dir='ltr'><em>nescio</em></span> <span class='ocrx_word' id='word_1_304' title='bbox 955 2292 1053 2345; x_wconf 80' lang='lat' dir='ltr'><em>quid</em></span> <span class='ocrx_word' id='word_1_305' title='bbox 1082 2293 1359 2343; x_wconf 74' lang='lat' dir='ltr'><em>confragosum</em></span> <span class='ocrx_word' id='word_1_306' title='bbox 1383 2293 1426 2328; x_wconf 89' lang='lat' dir='ltr'><em>iu</em></span> <span class='ocrx_word' id='word_1_307' title='bbox 1447 2284 1523 2329; x_wconf 83' lang='lat' dir='ltr'><em>hac</em></span> <span class='ocrx_word' id='word_1_308' title='bbox 1541 2306 1633 2329; x_wconf 81' lang='lat' dir='ltr'>ver-</span> 
     </span>
     <span class='ocr_line' id='line_1_32' title="bbox 179 2358 1659 2412; baseline -0.002 -12"><span class='ocrx_word' id='word_1_309' title='bbox 179 2364 324 2400; x_wconf 85' lang='lat' dir='ltr'><em>borum</em></span> <span class='ocrx_word' id='word_1_310' title='bbox 343 2363 644 2401; x_wconf 78' lang='lat' dir='ltr'><em>continuatione</em></span> <span class='ocrx_word' id='word_1_311' title='bbox 663 2363 790 2399; x_wconf 78' lang='lat' dir='ltr'><em>inesse</em></span> <span class='ocrx_word' id='word_1_312' title='bbox 813 2361 920 2410; x_wconf 80' lang='lat' dir='ltr'><em>dicit,</em></span> <span class='ocrx_word' id='word_1_313' title='bbox 943 2359 1051 2412; x_wconf 87' lang='lat' dir='ltr'><em>quod</em></span> <span class='ocrx_word' id='word_1_314' title='bbox 1070 2358 1172 2397; x_wconf 85' lang='lat' dir='ltr'><em>mihi</em></span> <span class='ocrx_word' id='word_1_315' title='bbox 1192 2358 1357 2412; x_wconf 84' lang='lat' dir='ltr'><em>quidem</em></span> <span class='ocrx_word' id='word_1_316' title='bbox 1370 2371 1454 2396; x_wconf 86' lang='lat' dir='ltr'><em>non</em></span> <span class='ocrx_word' id='word_1_317' title='bbox 1473 2358 1634 2396; x_wconf 78' lang='lat' dir='ltr'><em>videtur</em></span> <span class='ocrx_word' id='word_1_318' title='bbox 1656 2395 1659 2397; x_wconf 83' lang='lat'>.</span> 
     </span>
     <span class='ocr_line' id='line_1_33' title="bbox 180 2422 1633 2481; baseline -0.004 -13"><span class='ocrx_word' id='word_1_319' title='bbox 180 2444 284 2478; x_wconf 84' lang='lat' dir='ltr'><em>esse,</em></span> <span class='ocrx_word' id='word_1_320' title='bbox 333 2428 552 2468; x_wconf 86' lang='lat' dir='ltr'><em>dummodo</em></span> <span class='ocrx_word' id='word_1_321' title='bbox 581 2430 809 2467; x_wconf 77' lang='lat' dir='ltr'><em>memineris</em></span> <span class='ocrx_word' id='word_1_322' title='bbox 843 2443 958 2481; x_wconf 80' lang='lat' dir='ltr'><em>neque</em></span> <span class='ocrx_word' id='word_1_323' title='bbox 985 2442 1016 2466; x_wconf 91' lang='lat' dir='ltr'><em>s.</em></span> <span class='ocrx_word' id='word_1_324' title='bbox 1048 2442 1115 2465; x_wconf 81' lang='lat' dir='ltr'><em>nec</em></span> <span class='ocrx_word' id='word_1_325' title='bbox 1149 2425 1256 2478; x_wconf 88' lang='lat' dir='ltr'><em>apud</em></span> <span class='ocrx_word' id='word_1_326' title='bbox 1287 2422 1463 2475; x_wconf 74' lang='lat' dir='ltr'><strong>Quintil.</strong></span> <span class='ocrx_word' id='word_1_327' title='bbox 1494 2439 1566 2477; x_wconf 88' lang='lat' dir='ltr'><em>pro</em></span> <span class='ocrx_word' id='word_1_328' title='bbox 1587 2441 1633 2463; x_wconf 87' lang='lat' dir='ltr'><em>ne</em></span> 
     </span>
     <span class='ocr_line' id='line_1_34' title="bbox 182 2494 1634 2548; baseline -0.001 -15"><span class='ocrx_word' id='word_1_329' title='bbox 182 2495 337 2548; x_wconf 78' lang='lat' dir='ltr'><em>quidem</em></span> <span class='ocrx_word' id='word_1_330' title='bbox 365 2496 468 2548; x_wconf 83' lang='lat' dir='ltr'><em>dici,</em></span> <span class='ocrx_word' id='word_1_331' title='bbox 500 2498 567 2536; x_wconf 83' lang='lat' dir='ltr'><em>vel</em></span> <span class='ocrx_word' id='word_1_332' title='bbox 584 2511 655 2548; x_wconf 86' lang='lat' dir='ltr'><em>pro</em></span> <span class='ocrx_word' id='word_1_333' title='bbox 674 2498 788 2535; x_wconf 82' lang='lat' dir='ltr'><em>etiam</em></span> <span class='ocrx_word' id='word_1_334' title='bbox 810 2511 910 2546; x_wconf 85' lang='lat' dir='ltr'><em>non,</em></span> <span class='ocrx_word' id='word_1_335' title='bbox 943 2497 1003 2534; x_wconf 76' lang='lat' dir='ltr'><em>uti</em></span> <span class='ocrx_word' id='word_1_336' title='bbox 1020 2494 1140 2533; x_wconf 85' lang='lat' dir='ltr'><em>hodie</em></span> <span class='ocrx_word' id='word_1_337' title='bbox 1159 2494 1240 2530; x_wconf 82' lang='lat' dir='ltr'><strong>fere</strong></span> <span class='ocrx_word' id='word_1_338' title='bbox 1259 2494 1388 2531; x_wconf 81' lang='lat' dir='ltr'><em>solent</em></span> <span class='ocrx_word' id='word_1_339' title='bbox 1406 2494 1634 2545; x_wconf 78' lang='lat' dir='ltr'><em>imperitio-</em></span> 
     </span>
     <span class='ocr_line' id='line_1_35' title="bbox 180 2556 1629 2619; baseline -0.003 -18"><span class='ocrx_word' id='word_1_340' title='bbox 180 2577 255 2604; x_wconf 82' lang='lat' dir='ltr'>reS.</span> <span class='ocrx_word' id='word_1_341' title='bbox 314 2563 374 2603; x_wconf 84' lang='lat' dir='ltr'><em>Ne</em></span> <span class='ocrx_word' id='word_1_342' title='bbox 399 2567 487 2619; x_wconf 86' lang='lat' dir='ltr'><em>quis</em></span> <span class='ocrx_word' id='word_1_343' title='bbox 508 2564 683 2615; x_wconf 81' lang='lat' dir='ltr'><em>dubitet,</em></span> <span class='ocrx_word' id='word_1_344' title='bbox 716 2565 892 2603; x_wconf 81' lang='lat' dir='ltr'><em>conferat</em></span> <span class='ocrx_word' id='word_1_345' title='bbox 911 2560 945 2613; x_wconf 91' lang='grc' dir='ltr'>Ι,</span> <span class='ocrx_word' id='word_1_346' title='bbox 976 2567 1014 2613; x_wconf 89' lang='grc'>5,</span> <span class='ocrx_word' id='word_1_347' title='bbox 1038 2566 1089 2602; x_wconf 86' lang='grc'><em>18</em></span> <span class='ocrx_word' id='word_1_348' title='bbox 1111 2569 1211 2600; x_wconf 85' lang='lat' dir='ltr'><strong>extr.</strong></span> <span class='ocrx_word' id='word_1_349' title='bbox 1251 2556 1305 2610; x_wconf 88' lang='grc' dir='ltr'>Π,</span> <span class='ocrx_word' id='word_1_350' title='bbox 1332 2563 1396 2607; x_wconf 86' lang='grc'><em>13,</em></span> <span class='ocrx_word' id='word_1_351' title='bbox 1418 2563 1458 2599; x_wconf 91' lang='grc'><em>7.</em></span> <span class='ocrx_word' id='word_1_352' title='bbox 1495 2556 1569 2609; x_wconf 87' lang='grc' dir='ltr'><em>ΠΙ,</em></span> <span class='ocrx_word' id='word_1_353' title='bbox 1592 2563 1629 2609; x_wconf 87' lang='grc'>6,</span> 
     </span>
     <span class='ocr_line' id='line_1_36' title="bbox 182 2629 1630 2684; baseline -0.006 -12"><span class='ocrx_word' id='word_1_354' title='bbox 182 2633 251 2670; x_wconf 84' lang='grc'><em>76.</em></span> <span class='ocrx_word' id='word_1_355' title='bbox 290 2629 347 2683; x_wconf 91' lang='lat' dir='ltr'><em>V,</em></span> <span class='ocrx_word' id='word_1_356' title='bbox 372 2636 439 2684; x_wconf 86' lang='lat'><em>10,</em></span> <span class='ocrx_word' id='word_1_357' title='bbox 462 2637 556 2674; x_wconf 88' lang='lat'><strong>119.</strong></span> <span class='ocrx_word' id='word_1_358' title='bbox 603 2630 728 2684; x_wconf 81' lang='lat' dir='ltr'><em>Quod</em></span> <span class='ocrx_word' id='word_1_359' title='bbox 754 2646 838 2671; x_wconf 87' lang='grc'><strong>11011</strong></span> <span class='ocrx_word' id='word_1_360' title='bbox 868 2631 1026 2670; x_wconf 81' lang='lat' dir='ltr'><strong>additur</strong></span> <span class='ocrx_word' id='word_1_361' title='bbox 1055 2639 1090 2667; x_wconf 79' lang='lat' dir='ltr'><em>et</em></span> <span class='ocrx_word' id='word_1_362' title='bbox 1120 2636 1211 2667; x_wconf 82' lang='lat' dir='ltr'><em>ante</em></span> <span class='ocrx_word' id='word_1_363' title='bbox 1240 2642 1349 2675; x_wconf 85' lang='lat' dir='ltr'><em>cum,</em></span> <span class='ocrx_word' id='word_1_364' title='bbox 1393 2641 1549 2680; x_wconf 85' lang='lat' dir='ltr'><em>prorsus</em></span> <span class='ocrx_word' id='word_1_365' title='bbox 1579 2640 1630 2664; x_wconf 84' lang='lat' dir='ltr'><em>ex</em></span> 
     </span>
    </p>
   </div>
  </div>
 </body>
</html>
