1721 2974
129 196 183 234 44
561 191 832 249 Supplementa
878 190 1141 231 annotationis

126 306 358 358 legebatur3
414 307 470 344 ita
518 307 609 345 fort.
657 303 784 345 Amb.
819 309 859 344 2.
908 302 1015 342 Flor.
1082 303 1316 340 terminatur
1359 299 1487 344 Amb.
1528 306 1569 342 1.

129 373 434 426 [Ter-minentur
470 387 522 412 an
559 375 813 412 terminantur
840 373 995 422 legatur
1022 368 1187 422 perinde
1217 377 1297 421 est,
1348 384 1442 410 cum
1475 384 1569 410 ver-

126 443 224 480 bum
251 442 424 494 pendeat
454 456 477 480 a
506 443 786 491 conjunctione
817 438 1014 492 quamvis,
1052 437 1123 477 sed
1149 445 1391 477 structuram
1419 439 1568 477 orafio-

123 511 184 548 nIs
213 524 297 548 non
327 512 442 548 aliter
472 508 679 561 expedies,
707 508 785 545 nisi
814 507 970 545 nomina
998 507 1175 559 quamvis
1190 504 1393 561 feminina
1410 507 1569 544 inverso

125 578 265 617 ordine
305 591 377 629 pro
414 578 589 630 quamvis
628 576 782 613 nomina
810 575 1007 625 feminina
1034 596 1091 602 —
1131 575 1380 612 terminentur
1417 573 1571 612 dictum

124 643 328 695 censens]
445 643 574 682 eadem
600 644 654 680 ris
673 639 760 694 syll.
792 643 912 678 etiam
933 638 1070 679 Turio.
1093 638 1199 679 Flor.
1222 639 1352 682 Amb.
1374 647 1414 681 2.
1448 638 1567 693 (fort.

123 711 253 754 Amb.
277 711 340 762 1.)
373 710 513 764 Camp.
543 709 651 749 Jens.
683 716 721 746 et
752 722 890 746 omues
920 707 1008 745 edd.
1042 716 1133 746 ante
1162 707 1329 758 Bunn„
1361 710 1432 762 qui
1448 709 1568 745 inser.

123 782 177 820 ἰη.
292 779 419 818 dicere
448 781 568 817 etiam
597 774 702 813 Flor.
736 772 905 827 Camp.3
958 773 1040 812 clici
1068 783 1202 813 tuetur
1230 773 1359 816 Amb.
1384 779 1422 815 1.
1465 774 1571 826 cogit

122 851 243 888 etiam
272 847 379 887 Flor.

234 919 268 968 §.
303 919 368 954 15.
432 909 537 963 Quid
572 924 686 959 vem,
735 907 840 963 quocl
878 907 980 949 Obr.
1022 907 1123 950 Tur.
1163 924 1185 948 a
1221 925 1276 951 m.
1314 924 1391 949 sec.
1433 904 1570 961 (prius

123 992 207 1024 erat
236 981 345 1037 qui).
461 987 617 1017 eoeeunt.
677 988 765 1015 eunt
804 975 942 1016 Turic.
985 976 1091 1017 Flor.
1123 976 1243 1018 Bodl.
1273 975 1388 1016 Alm.
1418 974 1567 1015 Joaun.

121 1053 239 1093 Voss.
270 1056 307 1090 3.
348 1047 487 1100 Camp.
531 1044 632 1087 Obr.
673 1047 846 1085 veris‘nn.
888 1043 1016 1086 Amb.
1041 1050 1079 1085 1.
1137 1044 1249 1084 Alba
1266 1044 1408 1101 faciat
1438 1044 1566 1082 omitt.

120 1119 245 1161 Amb.
276 1124 315 1157 2.
355 1117 427 1170 (ut
465 1113 583 1154 Voss.
614 1118 677 1163 3.,
725 1115 796 1167 qui
835 1113 1013 1163 ejusdem
1041 1115 1124 1151 fere
1151 1115 1305 1165 generis
1334 1114 1436 1151 liber
1465 1118 1522 1149 est
1537 1107 1567 1161 ).

205 1185 362 1240 quidem
400 1185 528 1221 omitt.
567 1179 696 1221 Amb.
725 1186 764 1220 2.
807 1177 941 1220 Guelf'.
1061 1178 1179 1218 litera
1217 1196 1265 1231 o,-
1315 1183 1370 1219 s10
1400 1177 1566 1227 Burm„

119 1256 225 1296 nihil
254 1255 405 1292 monito
435 1252 606 1299 lectore,
648 1246 767 1289 Gesu.
801 1246 940 1300 Spald.
1002 1245 1104 1287 Cett.
1141 1248 1229 1286 edd.
1262 1262 1399 1286 omnes
1431 1262 1452 1285 ο
1483 1244 1570 1294 lit„

119 1326 245 1376 magis
277 1336 329 1359 ex
357 1333 433 1358 usu
462 1315 731 1367 Quintilia1113
777 1324 816 1353 et
846 1318 901 1353 ita
931 1313 1067 1353 Turio.
1102 1314 1210 1354 Flor.
1245 1313 1384 1367 Camp.
1474 1329 1570 1353 con-

107 1394 276 1448 fiteatur
311 1386 410 1428 Obr.
454 1384 569 1437 (fort.
599 1397 652 1421 ex
680 1380 883 1436 Argent.)
925 1380 1060 1421 Turio.
1101 1381 1210 1421 Flor.
1250 1384 1340 1422 fort.
1369 1380 1496 1421 Amb.
1527 1385 1566 1421 1.

119 1460 350 1513 confitentur
383 1468 433 1492 ex
462 1450 577 1490 Alm.
611 1451 731 1488 refert
758 1447 923 1499 Banu„
973 1464 1094 1504 quem
1123 1452 1205 1488 fere
1235 1451 1475 1489 conferentis
1501 1450 1569 1488 vel

118 1523 360 1580 typographi
398 1533 570 1559 errorem
606 1519 857 1571 putaveriln3
909 1519 1029 1556 nimis
1060 1520 1168 1555 enim
1197 1519 1299 1557 solet
1326 1515 1442 1556 Alm.
1473 1530 1569 1557 omn

118 1597 219 1635 Tur.
252 1600 290 1631 et
318 1589 425 1629 Flor.
457 1587 694 1638 conspirare.

230 1664 267 1712 ξ.
302 1662 366 1697 16.
426 1654 591 1692 dimissa
621 1651 730 1692 Jens.
762 1650 882 1691 Tarv.
903 1650 1011 1691 Ven-
1031 1651 1132 1692 Ald.
1157 1651 1283 1704 obn,
1315 1667 1409 1692 cum
1427 1650 1566 1691 Turio.

117 1730 223 1770 Flor.
259 1725 379 1765 Voss.
417 1727 456 1761 1.
493 1726 556 1772 3.;
607 1719 774 1758 demissa
811 1728 918 1759 recte
954 1718 1080 1760 Amb.
1116 1727 1154 1760 1.
1272 1736 1424 1774 quoque
1451 1717 1568 1759 morlo

117 1800 239 1837 etiam
260 1792 396 1833 Turio.
417 1788 540 1828 Paris.
565 1792 602 1827 1.
624 1793 664 1827 2.
687 1792 726 1827 3.
747 1789 886 1840 Camp.
947 1804 1100 1841 quoquo
1119 1787 1234 1827 moclo
1264 1787 1399 1838 Flor.;
1441 1784 1566 1825 Amb.

119 1872 156 1905 1.
193 1872 331 1902 tamen
363 1856 458 1912 quic}
486 1872 560 1910 quo
585 1854 723 1905 modo,
764 1864 809 1894 ut
840 1855 998 1893 emend.
1030 1853 1193 1907 Regius.
1255 1852 1401 1907 [Adde
1425 1852 1563 1906 Spald.

116 1941 234 1972 notae
257 1930 415 1968 criticae
437 1939 541 1978 quae
566 1926 649 1975 ipse
674 1925 832 1962 monuit
853 1925 894 1960 in
915 1924 1040 1974 praef.
1062 1921 1159 1961 Vol.
1182 1919 1202 1960 I
1220 1936 1310 1974 pag.
1331 1918 1565 1970 LXXVI]

231 1999 264 2050 ξ.
305 1999 370 2035 17.
429 1993 507 2047 fiet
546 1993 668 2029 etiam
719 1988 856 2029 Turio.
906 1985 1029 2027 Amb.
1067 1993 1104 2027 1.
1133 1995 1174 2028 2.
1224 1987 1365 2040 Camp.
1412 1985 1565 2027 Almel.

113 2067 232 2107 Voss.
266 2069 303 2104 1.
333 2067 372 2101 3.

226 2136 264 2185 ξ.
298 2134 364 2170 18.
424 2141 574 2183 quoque
599 2127 718 2163 inser.
749 2125 870 2162 etiam
900 2121 1037 2161 'sm-ic.
1068 2119 1192 2161 Amb.
1223 2126 1261 2161 1.
1300 2120 1422 2162 Paris.
1454 2127 1491 2162 1.
1521 2128 1562 2162 2.

118 2206 156 2243 5.
178 2206 216 2240 6.
249 2197 391 2250 Camp.
424 2204 463 2235 et
493 2195 581 2233 edd.
611 2200 703 2232 aute
733 2189 847 2230 Sich.
962 2190 1028 2229 M.
1054 2188 1211 2228 Tullius
1238 2186 1361 2228 Amb.
1383 2194 1444 2241 1.3
1477 2204 1560 2229 acc.

116 2267 237 2309 Aan.
262 2273 329 2307 2.:
369 2279 480 2319 quem
508 2260 655 2300 tullius.

231 2336 264 2388 ξ.
297 2337 363 2373 19.
422 2329 475 2370 acl
508 2346 549 2382 g.
596 2326 705 2368 Caes.
744 2323 866 2365 Amb.
902 2330 941 2365 l.
1056 2324 1289 2362 emendatius
1319 2322 1489 2362 calidum
1520 2324 1561 2364 d.

119 2421 159 2458 q.
203 2418 237 2442 c.
272 2398 420 2439 mavult
457 2397 594 2437 Turic.
636 2394 743 2434 Flor.
782 2392 903 2433 Bodl.
951 2389 1103 2432 Almel.
1149 2391 1287 2444 Camp.
1335 2390 1437 2431 Obr.
1477 2392 1562 2443 (ex

119 2469 355 2522 Argentor.‚
395 2464 562 2519 opinor)
605 2464 779 2504 verisim-
815 2458 938 2500 Amb.
977 2464 1014 2499 1.
1085 2459 1250 2513 [Habes
1285 2462 1407 2512 igitur
1445 2459 1488 2499 h.
1529 2462 1559 2499 l.

118 2544 316 2577 vetustam
345 2534 669 2572 emendationem
697 2537 736 2568 et
765 2529 977 2567 discrimen
1011 2530 1217 2581 utriusque
1246 2529 1358 2581 quasi
1384 2529 1562 2566 familiae

121 2603 317 2644 codicum.
377 2598 501 2650 Quod
529 2614 638 2638 nunc
666 2596 831 2652 quidem
859 2598 901 2633 in
935 2603 1050 2634 textu
1067 2596 1214 2647 legitur
1235 2609 1285 2633 ex
1302 2593 1559 2644 Jensoniana,

124 2672 268 2725 reliqui
289 2671 370 2707 fere
391 2682 528 2707 omnes
549 2668 717 2707 editores
739 2665 1030 2718 probaverunt,
1060 2662 1129 2701 sed
1147 2670 1234 2702 tuto
1255 2664 1375 2702 etiam
1395 2664 1560 2702 alteram
