1695 2974
1469 165 1543 201 vn

88 269 200 312 Nam
240 283 335 311 cum
375 268 498 310 initio
536 265 631 322 plus
674 279 827 323 operae
860 266 903 306 in
936 263 1065 307 rebus
1095 261 1383 318 explicandis,
1415 277 1540 318 quam

87 350 132 391 in
164 349 307 391 verbis
336 348 389 388 ad
411 347 601 387 criticam
622 346 813 387 veritatis
837 345 1046 386 rationem
1067 341 1291 400 exigendis
1313 344 1540 397 posuisset,

88 442 219 485 seque
249 427 423 468 omnino
459 424 662 465 studiosis
698 425 838 479 potius
870 421 1021 463 harum
1049 420 1285 462 litterarum
1316 434 1440 476 quam
1469 435 1541 476 pe-

92 508 182 548 ritis
215 504 402 547 scribere
441 502 657 558 professus
689 511 824 544 esset:
855 503 899 542 in
929 515 1158 556 progressu
1190 500 1357 554 operis,
1387 501 1541 554 partim

88 584 200 640 quod
227 585 432 624 incertam
463 589 629 631 textus,
680 583 751 636 qui
781 582 960 632 dicitur,
1011 579 1357 620 constitutionem
1386 577 1541 621 melius

88 662 398 718 perspexisset,
445 661 600 715 partim
640 660 752 715 quod
793 661 928 701 auctis
968 659 1102 712 copiis
1142 658 1270 697 etiam
1310 657 1389 699 hac
1417 659 1463 699 in
1493 672 1540 699 re

88 754 242 796 operae
261 753 355 781 sese
378 740 561 795 pretium
592 737 802 780 facturum
832 746 1037 794 speraret,
1068 738 1207 791 coepit
1229 738 1367 792 magis
1386 738 1542 792 magis-

89 834 169 875 que
199 833 284 860 non
314 817 387 859 ille
418 817 588 872 quidem
617 819 809 859 omittere
846 818 1088 872 interpretis
1117 815 1328 868 officium,
1376 816 1452 857 sed
1482 825 1542 857 ta-

87 912 186 939 men
225 898 454 939 intentiore
495 910 595 937 cura
635 895 764 938 simul
802 897 942 937 fontes
982 904 1173 951 receptae
1211 893 1407 936 lectionis
1438 909 1540 937 exa-

87 978 250 1016 minare
292 984 333 1016 et
367 976 575 1030 judicium
614 974 792 1016 liberius
821 975 873 1014 ad
904 975 1200 1030 corrigendum
1230 982 1394 1015 textum
1424 974 1543 1015 adhi-

89 1055 206 1097 bere.
263 1053 408 1109 Itaque
437 1055 482 1094 in
512 1056 650 1108 primo
680 1052 894 1094 volumine
925 1055 1139 1094 variantes
1162 1055 1390 1108 scripturas
1410 1051 1539 1095 libro-

90 1148 184 1174 rum
215 1142 256 1174 et
285 1147 416 1174 manu
445 1141 718 1174 exaratorum
747 1140 789 1172 et
819 1130 920 1173 olim
949 1133 1276 1187 impressorum,
1306 1146 1411 1187 quos
1442 1147 1539 1188 par-

91 1214 167 1254 tim
195 1211 283 1263 alii,
317 1220 358 1253 et
384 1212 590 1266 imprimis
617 1210 908 1270 Burmannus,¹
937 1211 1238 1262 adhibuerant,
1270 1212 1423 1265 partim
1450 1213 1541 1266 ipse

90 1290 347 1346 collegerat,
383 1289 516 1331 multo
545 1292 711 1345 parcius
742 1273 1087 1331 commemoravit
1117 1303 1240 1343 quam
1269 1287 1471 1343 paulatim
1497 1291 1543 1331 in

87 1369 223 1411 altero
252 1369 392 1410 facere
423 1369 563 1423 coepit
593 1376 635 1409 et
662 1383 835 1423 prorsus
865 1368 966 1408 fecit
987 1369 1030 1408 in
1051 1369 1198 1409 tertio:
1230 1376 1275 1408 ut
1295 1368 1394 1409 inde
1416 1367 1542 1409 nobis

89 1450 319 1490 necessitas
367 1455 637 1498 nasceretur,
684 1448 719 1488 si
766 1448 1105 1488 convenientiam
1154 1447 1365 1502 quandam
1412 1448 1544 1488 totius

90 1527 292 1567 editionis
333 1524 500 1567 efficere
540 1524 771 1577 vellemus,
823 1526 1062 1582 Spaldingii
1100 1527 1281 1582 vestigia
1317 1523 1460 1583 legere
1502 1535 1545 1568 et

90 1614 309 1660 repetere,
349 1619 454 1660 qnae
484 1607 574 1660 ipse
605 1614 694 1646 tum
725 1607 892 1661 quidem
925 1604 1120 1647 consulto
1151 1607 1371 1656 omiserat,
1398 1614 1545 1660 postea

89 1685 284 1725 omisisse
304 1698 429 1740 aegre
456 1684 634 1726 ferebat.
677 1683 823 1740 Itaque
847 1683 1029 1740 amplam
1055 1686 1119 1727 rei
1136 1686 1304 1726 criticae
1322 1686 1545 1725 materiem

90 1764 382 1818 congessimus
413 1777 468 1804 ex
498 1763 757 1805 editionibus
797 1763 1038 1815 veteribus,
1081 1761 1370 1819 Campaniam
1399 1763 1544 1820 (1470)

90 1842 353 1884 Jensoniana
392 1843 536 1898 (1471)
576 1842 833 1884 Τειῃὶεἰεῃει
870 1843 1014 1899 (1482)
1067 1841 1360 1884 Locatelliana
1399 1843 1543 1898 (1493)

92 1921 265 1963 Veneta
294 1922 438 1977 (1494)
466 1920 627 1963 Aldina
649 1921 792 1977 (1514)
822 1920 1014 1963 Badiana
1035 1922 1179 1978 (1516)
1210 1919 1544 1964 Cervicorniana

92 2001 236 2055 (1521)
269 1988 710 2055 Sichardiana'(1529)
742 1998 949 2042 Colinaea
967 2000 1111 2058 (1543)
1135 2000 1380 2057 Gryphiana
1397 2000 1542 2056 (1544)

97 2094 222 2134 porro
265 2079 510 2131 Stoeriana,
560 2078 827 2121 Chouetiana
864 2082 1100 2136 ceterisque
1130 2079 1459 2129 recentioribus,
1500 2086 1543 2119 et

91 2159 325 2212 adjecimus
374 2159 570 2213 quicquid
621 2157 802 2212 alicujus
853 2162 1059 2201 momenti
1102 2161 1318 2201 videretur
1355 2172 1448 2199 esse
1486 2171 1541 2198 ex

92 2236 421 2278 Burmannianis
444 2245 485 2276 et
508 2236 782 2278 Gesnerianis
812 2240 961 2292 copiiS,
992 2240 1092 2281 item
1123 2240 1337 2280 variantes
1366 2238 1543 2292 scriptu—

94 2331 162 2357 ras
195 2314 519 2369 Guelferbytani
550 2324 592 2356 et
622 2314 808 2356 Gothani
839 2317 1018 2369 codicis,
1051 2333 1153 2373 quas
1185 2318 1352 2374 quidem
1377 2317 1543 2357 omisis-

94 2404 158 2437 set
188 2394 481 2450 Spaldingius:
513 2409 644 2449 eaque
673 2410 719 2436 re
747 2396 1017 2450 perfecimus,
1048 2411 1132 2437 non
1162 2395 1300 2439 solum
1329 2405 1374 2437 ut
1403 2397 1547 2450 priora

97 2474 315 2515 volumina
357 2473 410 2514 ad
448 2474 626 2514 eandem
668 2488 760 2515 cum
800 2473 974 2530 reliquis
1003 2477 1048 2517 in
1077 2475 1158 2517 hoc
1187 2477 1355 2531 quidem
1386 2487 1542 2530 genere

95 2553 398 2609 perfectionem
429 2553 762 2604 adducerentur,
806 2554 879 2594 sed
909 2556 1034 2595 ctiam
1067 2563 1234 2605 textus,
1276 2555 1346 2609 qui
1378 2554 1544 2601 dicitur,

99 2633 275 2676 historia
306 2632 511 2690 quaedam
541 2633 688 2673 critica
707 2632 1083 2676 demonstraretur.
1140 2632 1254 2683 Quin
1278 2634 1404 2674 etiam
1430 2632 1547 2687 quic·
