1721 2974
163 166 242 204 322
610 156 886 213 Supplementa
917 157 1180 196 annotationis

273 274 311 324 ξ.
344 273 411 313 15.
467 283 502 310 et
535 295 591 302 —
623 280 777 309 natura.
837 267 978 322 Camp.
1015 284 1070 308 ea.-
1108 267 1195 309 ead.
1235 279 1316 308 nat.
1346 277 1382 306 el
1411 267 1496 308 illa.

164 340 475 380 adolescentium.
533 337 566 378 F
568 341 642 377 lor.
675 339 797 375 etiam
822 335 1092 375 adolescentia.
1150 336 1239 377 Par.
1267 341 1302 376 1.
1325 341 1363 376 2.
1386 335 1611 375 adolescen-

164 411 273 448 tiam.
389 406 496 446 lenis.
556 404 665 444 Sich.
696 405 818 442 etiam
849 402 957 443 levis.
1074 402 1237 444 caloris.
1295 400 1419 443 Goth.
1452 401 1608 441 coloris.

246 475 410 514 derisus.
469 471 592 513 Goth.
624 470 775 511 densus,
891 488 967 511 non
997 471 1070 512 his.
1120 470 1257 510 Etiam
1277 468 1405 509 Amb.
1430 474 1469 511 1.
1501 467 1609 508 Flor.

165 558 190 582 a
216 558 276 596 pr.
306 558 362 581 m.
393 541 432 579 h.
464 557 502 579 n.
561 536 686 578 Goth.
714 555 752 579 n.
787 540 851 579 iis.
911 537 1051 592 Camp.
1083 541 1154 590 iis,
1203 539 1272 577 sed
1300 540 1419 577 inser.
1444 544 1533 590 post
1550 551 1611 574 ex.

247 611 412 664 propria
449 617 535 645 sunt
571 608 741 646 virtutis.
800 605 892 646 Par.
923 611 960 645 1.
1001 609 1124 645 etiam
1154 608 1341 660 propriae
1378 621 1407 643 s.
1445 604 1613 642 virtutis.

167 676 291 717 Amb.
323 681 360 715 1.
391 673 498 714 Flor.
527 689 550 713 a
579 689 658 713 sec,
688 688 744 712 m.
762 675 930 728 propria
945 673 1034 730 fi‘i‘
1063 676 1234 714 virtutis.
1293 671 1402 713 Flor.
1434 686 1455 710 a
1474 686 1533 723 pr.
1554 684 1613 719 m,

163 745 329 798 propria
344 740 434 796 fuit
461 743 601 781 virtus.
716 740 925 780 simulatio.
983 738 1106 780 Amb.
1131 746 1169 781 1.
1202 740 1292 780 Par.
1318 746 1355 780 1.
1381 745 1420 779 2.
1451 735 1617 776 simula-

168 813 290 859 iloni,
319 824 397 849 sec.
428 823 572 847 manus
596 806 857 847 Ambrosiani
885 811 929 846 in
957 811 1036 848 fine
1065 811 1337 861 superscripsit
1364 822 1441 845 sus.
1529 819 1614 855 rog.

168 876 363 931 εἰρωνεία.
437 874 564 915 Amb.
605 880 643 915 1.
681 891 837 930 ιρωνια.
908 874 1051 930 Camp.
1100 890 1272 927 ιρωνεια.
1405 872 1617 912 diversum.

168 944 306 984 Turio.
338 959 361 983 a
390 959 450 997 pr.
480 958 535 982 m.
569 942 823 984 diversorum.

283 1013 322 1061 §.
357 1016 423 1051 16.
485 1009 784 1049 conciliandum.
844 1009 954 1050 JenS.
994 1019 1034 1050 et
1064 1011 1154 1050 edd.
1195 1024 1307 1048 meae
1345 1023 1482 1047 omnes
1521 1022 1616 1045 con-

169 1078 380 1119 citandum.
507 1077 650 1118 odium.
708 1075 842 1117 Guelf.
879 1080 1039 1118 omittit.
1165 1093 1251 1116 cum
1287 1076 1371 1115 hoc.
1428 1074 1565 1114 Turio.
1594 1087 1618 1112 a

168 1162 231 1200 pr.
260 1162 316 1186 m.
355 1149 474 1185 inser.
515 1148 557 1183 in
680 1161 743 1183 eos
782 1159 938 1197 graves.
968 1175 971 1177 Α
998 1144 1137 1185 Turic.
1170 1159 1192 1183 a
1222 1160 1282 1196 pr.
1312 1158 1368 1182 m.
1399 1157 1442 1181 eo
1469 1143 1618 1194 gravis.

256 1213 299 1252 id
337 1216 462 1268 ipsum
501 1212 755 1252 demonstrat.
813 1211 952 1252 Tul-ic.
994 1227 1016 1251 a
1044 1228 1103 1265 pr.
1134 1227 1191 1252 m.
1222 1210 1275 1250 acl
1304 1212 1331 1250 ἱ.
1372 1208 1616 1248 demonstret.

256 1282 519 1337 affectatores,
576 1279 712 1320 Turio.
745 1295 768 1319 a
798 1295 857 1334 pr.
887 1294 943 1319 m.
973 1279 1243 1335 afficiaturos.
1353 1277 1616 1331 adversarios.

173 1348 314 1402 Camp.
349 1348 613 1388 adversarior.

285 1421 322 1470 §.
359 1419 425 1456 17.
482 1431 556 1454 am.
596 1425 632 1453 ct
672 1430 736 1454 esc.
803 1413 913 1455 Flor.
951 1429 1112 1471 quoque
1149 1416 1296 1453 omittit
1332 1423 1380 1454 et.
1492 1422 1548 1450 est
1584 1420 1620 1449 et

175 1484 261 1525 illo.
321 1482 463 1536 Camp.
509 1485 660 1522 omittit
700 1493 748 1522 et.
862 1485 1002 1522 minor.
1056 1481 1192 1521 Turio.
1226 1483 1298 1533 adj.
1333 1492 1398 1520 cst.
1512 1479 1618 1519 Non.

175 1551 312 1593 Guelf.
350 1550 470 1591 Voss.
499 1556 536 1590 2.
565 1565 671 1590 nam.
794 1552 1071 1605 significantes,
1128 1549 1196 1590 Sic
1228 1552 1350 1589 etiam
1376 1548 1480 1588 Flor.
1538 1545 1621 1587 Sed

175 1619 313 1660 Turio.
335 1634 358 1657 a
375 1634 435 1670 pr.
454 1633 510 1656 m.
540 1619 801 1671 signficantis
815 1650 826 1668 ‚
867 1617 993 1657 Amb.
1017 1623 1054 1657 1.
1074 1619 1346 1672 signficant&
1373 1618 1477 1656 tueri
1505 1615 1621 1654 vide-

174 1696 252 1726 tur.
366 1683 453 1737 ἤθη
494 1683 584 1723 dix.
641 1682 767 1723 Amb.
805 1690 839 1724 1.
881 1683 1018 1723 Turic.
1050 1699 1073 1722 a
1100 1700 1162 1737 pr.
1193 1700 1249 1723 m.
1282 1683 1422 1736 Camp.
1456 1684 1550 1735 ηθει
1579 1680 1620 1720 ἆ.

174 1753 314 1794 Tu1ic.
347 1767 369 1790 a
389 1767 468 1791 sec.
495 1766 550 1790 m.
582 1750 662 1790 eibi
691 1750 727 1788 ἅ.
841 1753 1140 1804 superstitiosos.
1201 1750 1342 1803 Camp.
1375 1752 1536 1789 omittit.

174 1820 352 1861 timidos.
409 1818 517 1859 Flor.
546 1833 569 1857 a
596 1834 654 1872 pr.
680 1833 736 1858 m.
767 1817 948 1857 tumidos.
1059 1822 1363 1872 proposiiorum.
1422 1815 1548 1857 Aan.
1581 1820 1621 1855 1.

176 1888 284 1928 Flor.
316 1890 436 1926 etiam
461 1888 778 1941 propositionum.
891 1888 940 1926 si.
1000 1884 1068 1925 Sic
1097 1888 1219 1925 etiam
1246 1885 1356 1925 Flor.
1382 1883 1474 1925 Par.
1498 1888 1537 1924 1.

175 1954 281 2010 ἤθη.
338 1954 466 1995 Amb.
499 1958 534 1993 1.
563 1952 699 1993 Turio.
733 1951 874 2005 Gamp.
904 1954 998 2005 ⁷73⁸·

290 2023 322 2074 ᾗ.
355 2026 419 2061 18.
476 2037 631 2061 comem.
687 2018 827 2061 Turio.
859 2035 882 2058 a
906 2035 964 2073 pr.
990 2034 1046 2059 m.
1079 2019 1185 2071 σονῆ,
1225 2035 1248 2059 a
1268 2034 1345 2060 seo.
1365 2033 1421 2059 m.
1450 2034 1622 2059 commu·
1664 2039 1667 2043 ·

177 2107 275 2131 nem.
332 2087 455 2129 Goth.
485 2105 696 2129 commune.
805 2090 947 2142 poscit.
1005 2086 1143 2128 Turio.
1175 2091 1279 2141 apr.
1305 2102 1361 2126 m.
1391 2086 1498 2126 Flor.
1528 2102 1623 2141 pos-

176 2162 244 2199 sit.
369 2156 491 2209 Quas,
559 2154 698 2196 Turio.
736 2171 760 2196 a
795 2171 854 2210 pr.
892 2171 948 2195 m.
986 2154 1092 2195 Flor.
1131 2159 1260 2209 quasi.
1387 2154 1619 2208 approbare.

178 2225 287 2266 Flor.
320 2228 442 2264 etiam
472 2223 698 2278 approbari.
826 2223 962 2278 quibus
991 2238 1061 2262 ex.
1121 2221 1262 2275 Camp.
1293 2224 1411 2261 inser.
1443 2224 1534 2275 ipse.

179 2293 288 2333 Nam
327 2294 404 2348 qui.
463 2291 589 2332 Amb.
627 2295 665 2331 1.
704 2306 728 2329 a
764 2306 823 2344 pr.
856 2306 912 2330 m.
949 2293 1068 2330 inser.
1110 2290 1272 2345 quidem.
1392 2283 1502 2342 ἦθος
1538 2288 1619 2328 vicl.

178 2359 305 2402 Amb.
331 2365 368 2400 1.
395 2362 514 2399 inser.
540 2375 637 2409 non,
678 2360 818 2413 [quod
847 2361 981 2401 nescio
1012 2373 1064 2397 an
1092 2362 1148 2398 sie
1176 2360 1298 2411 possit
1325 2359 1541 2410 explicari:
1573 2371 1618 2398 ac

178 2437 382 2482 praeterea
409 2420 519 2480 ἦθος
547 2429 590 2464 in
621 2428 702 2477 ejus
733 2429 910 2466 oratione
939 2441 1023 2465 non
1050 2429 1176 2465 inesse
1204 2424 1448 2475 videretur]

292 2497 330 2545 §.
362 2499 426 2535 19.
489 2494 620 2545 Quare
639 2495 773 2548 ipsum.
838 2493 946 2534 Jens.
988 2503 1028 2533 et
1065 2495 1154 2533 edd.
1195 2502 1285 2532 ante
1327 2491 1484 2544 Stoer.,
1528 2507 1616 2533 exc.

181 2560 317 2610 Sich.,
367 2576 461 2601 cum
499 2564 553 2600 eis
591 2574 653 2614 ap.
685 2559 827 2602 Burm.
942 2563 982 2600 in
1010 2561 1094 2601 lzoc.
1152 2557 1275 2601 Amb.
1306 2565 1343 2600 1.
1382 2559 1476 2614 (sed
1506 2560 1532 2599 h.
1562 2570 1619 2601 est

181 2644 204 2669 a
234 2644 311 2670 sec.
339 2629 420 2683 m.)
449 2628 585 2670 Turio.
617 2643 654 2670 a.
685 2643 746 2683 pr.
776 2644 831 2670 m.
861 2628 971 2671 Flor.
1000 2631 1042 2669 in
1069 2628 1158 2670 Ῐιαο.
1270 2627 1419 2669 saltem.
1479 2627 1616 2669 Turio.
