1721 2974
154 192 173 226 1
182 188 233 227 14
591 185 861 241 Supplementa
887 188 1147 227 annotationis

150 300 272 340 Nullo
311 307 461 352 puncto
498 301 728 352 interposito
769 308 804 337 et
841 301 955 338 instr.
993 297 1133 340 Turio.
1161 298 1275 341 Alm.
1307 300 1414 344 Flor.
1445 303 1585 359 Camp-

237 378 272 405 e!
304 370 341 406 in
373 366 427 406 id.
484 377 518 404 ci
557 383 635 406 om.
676 369 796 405 etiam
833 364 962 406 Amb.
991 371 1052 414 1.,
1090 370 1178 407 rell.
1208 371 1295 420 sil.;
1344 373 1493 422 primus
1522 376 1589 412 in-

151 441 273 477 seruit
311 436 422 476 Sich.
549 434 704 489 opifex.
770 432 927 490 artifex
964 432 1103 475 Turio.
1142 434 1249 475 Flor.
1290 427 1411 478 Bodl.
1450 437 1587 493 Gamp-

151 504 283 547 Andr.
314 503 415 544 Obr.
447 505 538 541 sort.
575 500 701 540 Amb.
732 503 769 539 1.
886 499 1046 541 dicturi.
1103 506 1313 543 tractaturi
1339 503 1447 545 Flor.

691 968 735 1012 L
769 980 791 1011 Ι
825 981 873 1014 13.
941 968 1047 1014 III.

146 1084 367 1158 Inscriptio
396 1101 514 1152 hujus
541 1101 634 1139 libri
670 1101 715 1138 in
757 1099 883 1141 Amb.
910 1106 948 1141 1.
987 1101 1115 1141 haec:
1170 1107 1208 1142 1.
1242 1100 1511 1143 Prohoemium
1542 1104 1590 1144 de

147 1172 401 1228 scriptoribus
451 1170 550 1207 ariis
598 1167 826 1208 rheioricae.
909 1175 951 1210 2.
1005 1168 1120 1221 Quod
1166 1167 1317 1208 initium
1366 1171 1587 1212 rhetorices.

148 1248 188 1283 3.
230 1241 338 1291 Quae
362 1247 510 1293 partes.
579 1237 618 1274 4.
653 1235 761 1286 Quae
786 1245 930 1289 genera
960 1253 1180 1277 causarum.
1244 1240 1283 1278 5.
1318 1237 1464 1289 Quibus
1493 1255 1590 1278 con-

147 1313 315 1349 tineatur
355 1307 477 1345 omnis
516 1306 617 1342 ratio
656 1303 823 1344 dicendi.
892 1309 930 1344 6.
972 1304 1076 1356 Quid
1111 1306 1162 1342 sit
1199 1315 1337 1344 status.
1403 1309 1443 1345 7.
1479 1305 1589 1344 Unde

147 1377 327 1416 ducatur.
386 1378 425 1412 8.
459 1371 561 1422 Quot
591 1381 625 1408 et
655 1373 720 1424 qui
748 1381 886 1412 status.
948 1376 986 1412 9.
1018 1372 1081 1410 De
1104 1370 1218 1411 laude
1239 1382 1273 1409 ct
1292 1374 1585 1426 vituperatione.

148 1450 215 1484 10.
257 1443 319 1481 De
355 1441 535 1479 suasoria
572 1449 608 1477 ei
642 1441 917 1492 prosopopoia.
989 1444 1055 1479 11.
1086 1439 1149 1477 De
1173 1439 1352 1493 partibus
1382 1455 1588 1479 causarum

140 1509 402 1566 judicialium.
455 1512 520 1547 12.
542 1506 603 1543 De
621 1506 822 1558 generibus
849 1505 1066 1545 earundem.
1129 1512 1194 1546 13.
1229 1506 1333 1558 Quid
1361 1509 1413 1544 sit
1443 1509 1586 1560 questio

140 1578 332 1633 judicatio
364 1572 470 1629 (sic)
500 1575 717 1623 continens,
757 1582 793 1610 et
812 1584 996 1627 quatenus
1016 1576 1249 1614 necessaria.
1308 1572 1439 1614 Ceteri
1468 1575 1584 1614 codd.

143 1649 263 1685 inser.
294 1652 442 1684 carent.

732 1750 902 1792 CAP.
959 1749 993 1793 Ι.

258 1847 296 1896 §.
331 1851 368 1886 1.
426 1843 564 1883 Turio.
593 1841 700 1882 Flor.
732 1840 859 1881 Amb.
888 1846 926 1881 1.
957 1847 996 1882 2.
1034 1839 1169 1881 Guelf.
1201 1843 1319 1881 inscr.
1350 1843 1470 1884 dant:
1520 1845 1584 1884 De

145 1914 400 1969 scriptoribus
432 1913 531 1951 artis
562 1910 777 1949 rhetoricae
815 1907 920 1963 (nisi
949 1910 1055 1962 quod
1083 1907 1210 1948 Amb.
1233 1913 1270 1948 1.
1301 1908 1407 1950 Flor.
1438 1914 1585 1951 iterum

145 1983 299 2021 addunt
343 1977 653 2035 prohoemium),
704 1993 797 2016 cum
841 1977 931 2016 edd,
974 1979 1158 2015 omnibus
1197 1985 1287 2014 ante
1331 1975 1452 2017 Gesu.
1492 1994 1580 2019 exc.

144 2049 247 2089 Obr.
374 2047 579 2100 Quoniam.
644 2043 809 2096 Quando
858 2042 965 2083 Flor.
1093 2060 1176 2082 eam
1219 2060 1309 2082 esse.
1380 2060 1460 2083 esse
1498 2061 1583 2084 eam

143 2114 283 2156 Turio.
323 2114 431 2154 Flor.
470 2112 597 2153 Amb.
632 2116 670 2151 1.
711 2109 848 2151 Guelf.
891 2108 1014 2150 Goth.
1059 2109 1169 2150 Jens.
1209 2120 1248 2150 et
1286 2120 1449 2164 posterr.
1489 2121 1580 2151 ante

145 2180 302 2237 Gryph.
414 2189 620 2236 oporteret.
678 2188 826 2233 oportet
867 2187 925 2217 est
961 2180 1081 2217 etiam
1118 2180 1163 2216 in
1192 2177 1311 2217 Tarv.
1342 2177 1449 2217 Ven.
1478 2177 1578 2219 ΑΜ,

226 2249 417 2304 Apollocl.
477 2244 649 2302 apullod.
679 2243 804 2285 Amb.
829 2250 866 2284 1.
926 2244 1124 2299 appollocl.
1155 2244 1291 2285 Turio.
1317 2244 1426 2285 Jens.

254 2320 291 2370 §.
321 2323 361 2358 2.
407 2316 574 2372 suerunt
615 2321 673 2352 est
712 2315 834 2351 etiam
872 2314 916 2351 iu
953 2312 1061 2352 Flor.
1101 2311 1225 2352 Amb.
1260 2318 1300 2353 2.
1333 2310 1496 2365 Camp.,
1538 2321 1578 2352 et

143 2387 254 2435 relL,
292 2387 364 2424 etsi
394 2392 587 2423 tacentur.
700 2381 895 2419 minimae.
949 2376 1012 2418 Ita
1034 2380 1174 2418 diserte
1202 2379 1324 2418 habet
1348 2377 1472 2419 Amb.
1507 2384 1573 2432 1.;

141 2452 211 2489 sed
238 2454 387 2490 fallitur
417 2449 553 2502 Spald.
578 2451 622 2486 in
643 2461 689 2485 eo
704 2477 715 2497 ,
758 2447 864 2500 quod
883 2446 1116 2486 adverbium
1139 2448 1192 2484 ait
1206 2443 1333 2497 Regio
1353 2448 1570 2499 placuisse3

141 2532 194 2555 ex
222 2517 337 2567 hujus
369 2520 477 2555 enim
505 2515 783 2554 emendatione
820 2516 865 2551 in
890 2511 990 2553 Loc.
1021 2522 1078 2552 est
1103 2514 1296 2551 minimae.

250 2585 285 2634 ᾖ.
317 2589 354 2623 3.
417 2584 656 2621 tentavimus.
723 2582 990 2634 temptavimus
1031 2578 1166 2619 Turio.
1211 2577 1335 2620 Amb.
1372 2584 1411 2620 2.
1459 2579 1568 2620 Jens.

134 2648 232 2691 Loc.
293 2649 556 2704 temptabimus
585 2648 709 2690 Amb.
735 2653 773 2688 1.
884 2657 1018 2687 maier.
1045 2656 1199 2701 poterat
1220 2646 1323 2689 uber.
1384 2657 1479 2689 mat.
1504 2648 1566 2688 ub.
