1721 2974
42 0 50 131 ἔ

41 146 48 179 5

37 204 47 337 ζ

33 346 41 423 ἐ

232 121 288 162 ad
319 121 482 176 Quintil.
511 121 642 163 lastis.
672 121 706 170 Ι,
737 126 777 162 7.
809 123 842 175 ᾗ.
873 124 1073 163 31--35.
1131 125 1170 162 8.
1201 120 1410 171 §.1—9.
1489 122 1541 162 55

103 235 268 289 opinor,
318 250 414 276 nam
441 237 574 290 plures
602 245 695 277 sunt
724 237 849 275 flexus
877 236 984 275 vocis
1020 231 1134 287 (vid.
1168 249 1202 274 c.
1229 237 1295 285 12,
1318 231 1396 285 3),
1432 233 1541 275 unde

101 304 286 343 flexibilis
313 304 481 355 dicitur,
523 318 625 357 quae
655 305 771 343 facile
801 315 1038 358 quocunque
1083 300 1202 340 ducas
1238 308 1447 356 sequatur,
1502 309 1542 340 et

100 373 313 423 opponitur
342 370 464 410 durae
489 372 561 410 lib.
582 368 660 421 XI,
684 375 722 421 3,
746 375 811 411 15.
869 368 933 409 De
962 384 1074 408 versu
1101 366 1368 421 distinguendo
1406 368 1458 409 cf.
1489 368 1540 406 ad

100 435 327 491 Spaldingii
355 447 493 478 notam
522 452 568 476 ea
599 453 700 492 quae
731 439 833 478 dixit
862 438 910 477 de
938 440 1027 477 loco
1056 433 1136 486 XI,
1159 440 1198 487 3,
1222 434 1311 488 36.]

210 508 248 558 §.
277 511 319 547 2.
373 516 488 561 parte
516 507 645 547 omitt.
675 505 776 547 Obr.
807 505 885 560 (ex
912 504 1081 559 Asgent.
1109 506 1195 545 sine
1220 501 1369 559 dubio)
1398 499 1536 543 Turio.

98 569 263 625 Camp.;
293 572 364 611 sed
393 575 583 612 retinetur
613 575 660 611 ab
691 572 816 615 Amb.
846 578 882 613 1.
915 576 1014 614 aliis.
1127 572 1330 612 suavitate.
1389 570 1537 610 sancti-

96 647 176 676 tate
200 637 328 679 Amb.
352 644 390 680 1.
506 641 600 695 quia
627 651 663 680 et
692 656 815 681 carm.
854 651 909 681 est
945 639 1069 682 Amb.
1097 645 1135 681 1.
1166 638 1287 680 Tarv.
1315 636 1425 678 Ven-

95 715 130 743 et
157 704 302 760 plasm.
329 706 440 748 Flor.
471 720 494 746 a
520 722 582 760 pr.
611 721 668 748 m.
729 706 823 761 [Cf.
853 711 977 762 praef.
1002 707 1101 748 Vol.
1118 705 1139 748 I
1163 722 1204 761 p.
1226 701 1506 754 LXXVIII]

205 776 243 826 §.
274 778 315 815 3.
373 790 447 814 sua
474 776 603 815 omitt.
635 776 756 814 etiam
784 773 909 816 Amb.
928 780 969 817 2.
999 774 1122 818 Paris.
1143 779 1184 816 2.
1208 778 1247 814 3.
1269 776 1308 815 5.

205 843 243 893 §.
273 842 314 882 4.
371 840 506 881 dicant
533 839 659 883 Amb.
684 846 722 882 1.
754 857 776 881 a
805 857 863 895 pr.
894 857 950 885 m.

204 911 242 961 §.
274 912 314 949 5.
372 911 512 964 optime
540 912 669 950 omitt.
711 906 847 950 Guelf.
880 908 1020 964 Camp.
1133 908 1256 951 Hom.
1289 905 1334 945 V
1332 904 1536 962 irgilioque

92 972 202 1015 Flor.
310 976 497 1039 fir‘miqre
518 976 683 1031 judicio.
730 978 930 1031 firmioris
952 976 1037 1031 jud.
1062 975 1201 1032 Camp.
1219 974 1326 1017 Flor.
1371 974 1535 1029 firmio-

94 1059 155 1082 res
177 1042 264 1096 jud.
297 1042 433 1084 Turio.
465 1059 487 1084 a
516 1060 577 1098 pr.
595 1059 652 1085 m.
683 1042 788 1097 (alia
818 1059 918 1085 corr.
941 1043 1158 1099 firmiori).
1211 1043 1403 1098 firmioris
1425 1038 1534 1094 jucli-

94 1111 148 1149 cii
183 1108 310 1151 Amb.
334 1116 372 1152 1.
404 1110 618 1164 (ultimum
648 1113 663 1151 ἰ
692 1120 750 1152 est
776 1127 855 1151 sec.
885 1110 968 1166 m.)
1082 1128 1177 1166 opus
1205 1121 1259 1152 est
1269 1125 1285 1163 ‚⁸
1328 1112 1384 1150 ita
1412 1110 1534 1148 etiam

91 1175 201 1218 Flor.
241 1176 380 1232 camp.
419 1180 510 1220 fort.
550 1178 677 1220 Amb.
699 1184 762 1230 1.;
808 1191 902 1219 esset
931 1178 1022 1223 Par.
1045 1184 1083 1220 1.
1104 1184 1145 1221 2.
1170 1183 1210 1221 6.
1323 1174 1535 1216 subtilitate

91 1242 231 1286 Turio.
260 1244 368 1287 Flor.
400 1244 539 1300 Camp.
573 1247 755 1289 ridjcule,

205 1313 238 1366 ξ.
271 1317 309 1352 6.
367 1312 616 1366 tragoediae5
661 1317 716 1354 ita
754 1317 874 1356 etiam
911 1313 1020 1356 Flor.
1058 1313 1184 1354 Amb.
1218 1317 1257 1353 1.
1299 1327 1322 1353 a
1359 1327 1437 1352 sec.
1475 1325 1531 1350 m.

93 1379 226 1434 (prius
266 1388 350 1419 erat
388 1379 619 1435 tragoedia)
661 1380 786 1422 Amb.
819 1387 861 1423 2.
900 1381 990 1422 Par.
1010 1387 1050 1422 2.
1074 1385 1113 1422 6.
1168 1379 1349 1434 tragoedi
1374 1379 1466 1424 Pal·-
1492 1383 1532 1418 'l-

91 1445 231 1501 Camp.
262 1446 399 1490 Turio.
431 1463 453 1487 a
471 1463 550 1489 sec.
569 1463 625 1488 m.
657 1448 788 1502 (prius
809 1457 891 1489 erat
909 1447 1092 1502 tragoede
1103 1446 1133 1502 ).
1247 1449 1288 1488 in
1316 1449 1366 1488 iis
1393 1445 1531 1487 Turio.

90 1512 216 1556 Goth.
247 1524 286 1556 et
315 1516 405 1556 edd.
436 1524 531 1556 vert.
560 1518 787 1572 pleraeque.
902 1514 1035 1557 nolim.
1094 1514 1194 1557 nolis
1223 1513 1390 1569 Camp.3
1431 1512 1531 1553 nolis

0 1592 6 1619 ζ
88 1597 174 1622 non
202 1585 321 1636 pauci
350 1583 517 1624 codices.
576 1582 696 1624 nolim
725 1585 765 1624 in
795 1584 898 1639 quib.
928 1582 1053 1624 Amb.
1079 1587 1118 1624 1.
1232 1580 1374 1635 ele-gaci
1403 1579 1530 1630 Amb.

91 1655 131 1690 1.
170 1664 193 1689 a
235 1665 314 1691 sec.
352 1665 410 1691 m.
524 1666 600 1705 qua
634 1661 742 1691 amat
772 1649 897 1691 Amb.
928 1655 966 1691 1.
999 1656 1040 1692 2.
1087 1648 1221 1692 Guelf.
1262 1648 1376 1690 sich.
1434 1665 1531 1704 quae

89 1727 224 1758 amant
260 1715 399 1759 Turio.
438 1732 460 1758 a
498 1733 576 1758 sec.
616 1732 672 1758 m.
713 1716 852 1772 Camp.
965 1716 1279 1773 hendecasyllabi
1315 1728 1351 1756 et
1379 1716 1528 1770 quibus.

89 1782 158 1825 Sic
194 1784 318 1826 Paris.
360 1791 400 1826 2.
447 1784 770 1840 hendecasyllaba
816 1801 912 1840 quae
949 1783 1087 1828 Turio.
1152 1781 1468 1839 hendecasyllabi
1502 1800 1529 1823 a

87 1852 222 1904 quibus
240 1851 366 1894 Amb.
385 1858 426 1894 2.
483 1851 796 1908 hendecasyllabi
824 1851 905 1906 (al.
923 1866 980 1895 m.
999 1867 1098 1893 corr,
1129 1850 1264 1907 —ba)
1294 1851 1396 1906 quib.
1416 1850 1448 1890 F
1451 1852 1525 1899 lor.

88 1917 410 1973 hendecasyllaba
430 1937 456 1959 a
475 1920 577 1974 quib.
609 1918 749 1973 Camp.
777 1919 868 1964 Par.
891 1924 930 1961 1.
1044 1918 1244 1960 Sotadicis
1261 1921 1382 1957 etiam
1398 1916 1524 1958 Amb.

89 1990 130 2026 2.
157 1983 248 2026 Par.
273 1990 310 2025 1.
333 1991 373 2026 2.
396 1990 434 2027 6.
1453 2032 1457 2034 ,

200 2056 236 2105 §.
267 2057 307 2092 7.
366 2052 564 2092 comoedia
601 2071 691 2109 eque
726 2052 890 2107 Turic.;
941 2054 1037 2094 inde
1068 2056 1136 2094 alii
1166 2055 1366 2096 comoedia
1395 2072 1522 2109 aeque,

88 2128 134 2160 ut
160 2118 269 2160 Flor.
298 2119 422 2160 Amb.
446 2125 484 2160 1.
516 2135 538 2159 a
565 2136 641 2161 sec.
665 2136 721 2162 m.
750 2120 876 2163 Amb.
897 2126 939 2163 2.
969 2119 1108 2175 Camp.
1222 2122 1276 2162 ad
1295 2122 1391 2177 εἷος.
1414 2122 1521 2179 conf:

88 2188 197 2228 Jeus.
237 2197 275 2226 et
315 2190 414 2226 aliae
453 2188 543 2226 edd.
586 2197 675 2226 ame
714 2187 844 2228 Stoer.
954 2191 1161 2242 praecipue
1199 2192 1318 2229 etiam
1356 2190 1445 2230 Par.
1478 2196 1519 2231 2.

86 2254 194 2296 Jens-
225 2254 347 2295 Tarv.
376 2253 486 2295 Ven.
516 2254 666 2295 Vidov.
719 2258 932 2310 praecipua
958 2256 1048 2297 Par.
1069 2261 1106 2295 1.
1129 2261 1166 2295 6.
1199 2254 1267 2310 (1.
1287 2262 1326 2297 3.
1346 2257 1387 2297 4.
1415 2258 1519 2299 Pott.

87 2326 132 2362 in
162 2322 283 2377 edit.)
313 2321 477 2376 Camp.;
527 2323 635 2361 idem
672 2323 764 2362 dare
793 2324 980 2363 videntur
1007 2322 1145 2364 Turio.
1174 2322 1282 2365 Flor.
1319 2323 1444 2366 Amb.
1478 2331 1518 2367 1.

89 2389 184 2445 [Cf.
213 2393 338 2444 praef.
367 2388 503 2430 V01.I
532 2405 572 2444 p.
594 2387 864 2442 LXXVIII]

199 2461 236 2511 §.
267 2462 306 2499 8.
362 2458 552 2498 valuerint
581 2456 700 2498 Bodl.
734 2454 867 2498 Guels.
900 2454 1022 2499 Goth.
1049 2456 1189 2512 Steph.
1301 2459 1366 2501 vel
1389 2458 1514 2503 ἆττικ.

88 2523 226 2566 Turio.
257 2541 279 2566 a
308 2540 366 2580 pr.
397 2541 451 2566 m.
1433 2524 1435 2526 ¹

201 2596 234 2647 ξ.
266 2600 304 2636 9.
359 2593 520 2649 petenda
561 2604 614 2634 cst
652 2592 760 2636 Flor.
798 2591 917 2634 BodJ.
948 2588 1094 2634 Baliox.
1133 2595 1247 2635 Voss.
1277 2600 1313 2636 1.
1431 2604 1514 2637 eum
