1721 2974
376 149 430 189 ml
463 150 625 202 Quintil.
658 151 786 191 Iusti&
816 149 852 203 1,
883 154 924 192 7.
956 153 992 201 ξ.
1027 153 1222 192 17--29.
1469 150 1522 192 53

72 262 203 317 (apud
232 261 370 318 Spald.
401 267 490 305 sort.
523 280 653 305 errore
681 273 836 319 typogr.
855 261 1000 322 facie)
1029 263 1138 306 Flor.
1159 262 1284 305 Amb.
1308 268 1346 304 1.
1379 263 1516 319 Camp.

71 330 184 371 Sich.
300 332 404 386 quod
441 343 475 371 et
517 348 585 372 ex.
646 343 680 371 et
716 347 797 372 om.
839 331 977 373 Turio.
1018 331 1126 373 Flor.
1156 330 1282 374 Amb.
1307 336 1346 373 1.
1377 330 1516 385 Camp-

71 396 172 452 (qui
201 400 241 439 in
270 415 340 453 pro
370 416 425 439 em
455 399 617 454 habet).
1557 388 1559 390 .

183 467 218 519 §.
250 468 319 507 24.
380 466 506 521 [Sibe
538 468 644 521 apud
672 466 838 508 Livium
857 467 938 521 lX,
961 474 1000 521 5,
1024 472 1075 509 10
1095 470 1139 507 in
1159 467 1246 509 cod.
1275 466 1382 508 Flor.
1412 467 1515 520 legi-
1560 472 1566 481 “

68 541 158 585 tur,
198 534 291 573 vide
323 534 382 593 ad„
403 549 497 573 eum
525 536 663 575 locum
691 535 998 592 Drakenborch.
1039 534 1210 589 Spald.]

181 601 214 654 §.
245 604 314 642 25.
359 589 522 657 §brimus
549 600 675 643 Amb.
700 608 762 654 1.,
815 613 860 643 ut
888 607 1016 644 voluit
1044 603 1183 658 Spald.

177 669 211 722 ᾗ.
242 672 312 708 26.
371 684 523 707 seruum
555 685 780 724 ceruumque
809 674 930 710 etiam
961 670 1099 724 Camp,
1157 687 1309 711 seruom
1337 684 1512 711 cer-uom-

64 751 136 788 quc
151 732 277 774 Amb.
303 739 340 775 1.
400 752 551 774 seruum
569 752 801 791 cornumque
821 737 853 777 F
855 742 929 779 lor.
1043 738 1208 778 literam.
1228 738 1267 777 F
1279 740 1354 780 ins.
1371 736 1510 778 Turio.

63 799 172 842 Flor.
204 799 369 856 Camp.;
408 805 536 843 omitt.
569 806 690 842 etiam
717 804 843 844 Amb.
865 811 904 845 2.
934 803 1025 846 Par.
1053 811 1091 846 1.
1111 811 1152 847 2.
1185 821 1208 845 a
1235 821 1295 859 pr.
1325 820 1381 845 m.
1413 809 1452 846 6.

176 869 212 920 §.
243 873 313 910 27.
367 873 580 924 praeposui
608 869 746 912 Turio.
786 870 911 911 Amb.
944 877 981 912 1.
1012 872 1131 913 Voss.
1158 878 1199 914 2.
1231 871 1370 926 Calnp.
1402 870 1510 927 Gry-

61 935 196 989 phius.
312 939 378 991 qni
406 947 440 977 ct
472 941 511 977 oi
540 936 679 978 Turio.
712 938 851 992 Camp.
909 957 946 994 q·
966 951 1001 979 et
1020 958 1059 980 u.
1090 951 1125 980 et
1149 956 1186 981 ο.
1208 950 1242 980 et
1263 943 1290 980 i.
1319 938 1444 981 Amb.
1469 943 1508 979 1.

147 1003 216 1043 illo
246 1006 312 1060 qui
340 1014 415 1046 cet.
473 1004 583 1046 Flor.
614 1009 693 1048 ita:
724 1005 794 1047 illo
824 1008 914 1061 quoi
942 1007 1240 1060 distingueretur
1275 1009 1355 1062 qui.
1412 1023 1511 1063 quae

61 1081 190 1110 iumen
218 1072 338 1112 scrib.

175 1141 213 1190 §.
245 1144 314 1180 28.
373 1151 542 1182 notatur.
602 1144 851 1198 significatur
890 1141 1027 1183 Turio.
1068 1141 1176 1184 Flor.
1206 1140 1328 1184 Bodl.
1357 1141 1505 1184 Baliol.

60 1205 187 1246 Amb.
209 1213 248 1248 2.
279 1206 399 1248 Voss.
423 1213 460 1250 1.
494 1207 617 1249 Goth.
651 1208 789 1264 Camp.
822 1209 922 1251 Obr.
962 1212 1053 1250 fort.
1082 1209 1207 1251 Amb.
1233 1216 1270 1251 1.
1328 1212 1507 1264 signatur

60 1273 179 1315 Voss.
202 1280 242 1314 2.
267 1280 306 1314 3.
425 1274 548 1329 Gajas
577 1301 634 1308 —-
669 1277 789 1332 Gajos
818 1277 954 1317 Turio.
983 1277 1093 1317 Flor.
1134 1277 1259 1318 Amb.
1283 1284 1323 1318 2.
1365 1277 1503 1330 Camp-

61 1341 163 1382 Obr.
195 1344 285 1381 fort.
316 1340 440 1382 Amb.
464 1349 500 1383 1.
615 1357 646 1398 J)
680 1348 808 1384 omitt.
841 1347 959 1384 etiam
990 1343 1126 1384 Turic-
1148 1344 1256 1386 Flor.
1286 1343 1377 1385 Par.
1405 1349 1442 1384 1.
1460 1350 1501 1385 2.

60 1414 97 1451 6.
131 1408 272 1464 Camp.
303 1409 404 1451 Obr.
435 1413 525 1450 fort.
556 1409 681 1451 Amb.
706 1417 743 1452 1.

171 1482 208 1532 §0
238 1483 308 1519 29.
367 1477 454 1518 Nec·
485 1477 624 1518 Gneus.
684 1478 765 1518 Sed
789 1479 915 1519 Gneus
942 1478 1051 1520 Flor.
1079 1478 1205 1519 Ajnb.
1230 1484 1269 1519 1.
1300 1494 1321 1518 8
1342 1495 1419 1520 sec.
1441 1493 1496 1519 m.

57 1546 189 1600 (prius
208 1555 291 1586 erat
309 1545 377 1584 Set
389 1543 419 1598 >.
479 1544 567 1585 Sec.
591 1545 718 1586 Gneus
736 1546 874 1588 Turio.
933 1546 1053 1586 Secus
1076 1546 1149 1587 Gn.
1171 1545 1310 1602 Camp.
1372 1545 1499 1586 Gneus

57 1617 125 1655 dat
163 1617 283 1653 etiam
321 1612 446 1653 Amb.
479 1619 518 1653 2.
653 1631 751 1670 quae
789 1632 873 1655 son.
913 1614 1014 1656 Obr.
1056 1614 1173 1669 (fort.
1212 1630 1265 1654 ex
1298 1612 1498 1667 Argent.)

55 1681 195 1723 Turio,
234 1681 343 1721 Flor.
384 1679 509 1721 Bern.
546 1683 638 1722 fort.
678 1681 805 1723 Amb.
842 1687 879 1723 1.
994 1693 1028 1722 et
1060 1681 1224 1724 column.
1254 1690 1329 1722 cet.
1386 1681 1496 1722 Flor.

53 1753 133 1790 sic:
175 1761 209 1789 et
240 1749 479 1789 clarissimos
509 1760 543 1787 et
574 1749 748 1788 consules
773 1752 971 1802 geminata
1011 1750 1142 1790 eadem
1176 1749 1307 1790 littera
1336 1749 1497 1802 legimus

53 1817 197 1871 (plane
226 1827 272 1857 ut
300 1816 436 1857 Turic.
467 1815 588 1856 Bodl.
617 1815 731 1856 Alm.
762 1817 852 1858 Par.
877 1822 938 1868 1.‚
978 1820 1056 1857 nisi
1085 1818 1192 1873 quod
1220 1817 1288 1857 hic
1310 1819 1492 1868 subjicit:

55 1896 90 1923 et
119 1884 272 1925 columa
301 1896 483 1938 eaeempta
512 1902 536 1923 n
566 1884 680 1931 litera
709 1884 938 1937 legimus.);
992 1888 1188 1925 recentior
1215 1900 1357 1924 luanus
1387 1885 1496 1925 dedit
1539 1935 1548 1943 ,

53 1955 99 1992 iu
134 1954 338 2003 margine:
390 1962 423 1991 et
465 1951 656 1991 columam
695 1962 878 2005 exempta
909 1968 934 1990 n
964 1951 1078 1991 litera
1107 1963 1142 1991 et
1171 1952 1344 1993 consules
1368 1954 1495 2005 gemi-

54 2029 152 2058 nata
187 2034 206 2056 s
246 2018 376 2057 littera
417 2017 524 2058 Coss.
573 2018 732 2071 legimus
781 2018 851 2071 (ut
895 2019 1002 2058 edid.
1048 2018 1192 2060 Burm.
1234 2035 1328 2060 cum
1363 2019 1490 2073 aliis).

53 2087 180 2129 Amb.
204 2090 243 2125 1.
282 2088 360 2124 sic:
410 2094 444 2123 ct
483 2083 721 2124 clarissimos
761 2084 862 2137 (hoc
899 2101 921 2125 a
958 2101 1036 2124 sec.
1074 2100 1131 2126 m.
1160 2101 1278 2139 super
1305 2100 1492 2139 magnam

54 2157 303 2195 abrasionem
330 2154 507 2204 plurium
536 2150 707 2205 vocum)
737 2162 771 2190 ct
803 2151 975 2191 consules
1000 2155 1200 2204 geminata
1228 2152 1359 2193 eadem
1378 2153 1492 2193 litera

53 2221 231 2276 legimus.
290 2217 365 2274 (Iu
394 2220 456 2258 his
486 2220 670 2257 omnibus
700 2221 752 2258 al.
781 2233 890 2257 man.
922 2227 1076 2258 versata
1114 2218 1210 2273 est.)
1266 2218 1390 2260 Amb.
1421 2225 1488 2261 2.:

55 2302 91 2330 et
121 2289 311 2330 columam
341 2298 373 2326 ci
405 2285 577 2326 consules
606 2296 788 2341 exempta
816 2302 841 2324 η
871 2284 1000 2325 littera
1029 2285 1211 2339 legimus,
1242 2294 1286 2324 ut
1306 2284 1424 2325 Voss.
1447 2290 1488 2327 3.

53 2358 146 2399 Par.
179 2363 219 2398 2.
251 2361 290 2397 6.
332 2354 433 2409 (nisi
470 2353 576 2407 quod
605 2358 645 2393 2.
678 2350 897 2406 columna).
955 2351 1073 2393 Voss.
1104 2368 1183 2392 sec.
1213 2363 1247 2391 et
1276 2351 1430 2392 colurna
1453 2363 1488 2392 et

55 2442 158 2466 coss.
190 2434 370 2477 esrempta
399 2439 423 2460 η
453 2421 567 2461 litera
595 2420 768 2473 legimus.
827 2418 992 2473 Camp.:
1025 2430 1059 2459 et
1088 2419 1278 2460 columam
1306 2430 1489 2474 exempta

55 2510 81 2532 n
111 2503 144 2532 ei.
174 2490 340 2531 cossulcs
363 2491 560 2543 geminata
589 2486 720 2527 eadem
750 2486 865 2526 litera
891 2486 924 2526 S
951 2486 1024 2541 leg.
1082 2486 1217 2528 Jens.:
1248 2497 1282 2526 et
1309 2486 1488 2527 columna

57 2571 95 2600 et
123 2558 293 2599 consules
323 2568 504 2611 exempta
533 2574 557 2595 n
587 2555 716 2594 littera
746 2553 926 2607 legimus,
972 2568 1092 2609 quam
1120 2557 1216 2594 item
1244 2555 1332 2594 cod.
1360 2552 1484 2594 Bern.

58 2637 98 2668 et
127 2624 247 2668 Goth.
277 2627 509 2679 scripturam
538 2624 684 2677 recepit
711 2619 923 2663 Gesnerus.
982 2620 1212 2677 [Equidem
1231 2636 1314 2661 nou
1335 2622 1485 2669 dubito,
