1757 2979
222 164 302 202 436
652 159 924 213 Supplcmenia
965 159 1226 196 annotationis

332 276 369 326 ξ.
401 278 466 316 36.
526 278 644 312 venit.
685 272 774 311 Par.
808 275 844 308 1.
867 272 1010 308 veniat.

336 347 371 394 §.
406 347 470 382 39.
531 352 568 379 11!
592 344 628 378 in
651 339 735 377 illa.
780 336 847 376 Sic
870 336 957 376 Par.
978 342 1016 376 1.
1040 342 1076 376 2.
1100 341 1136 375 6.
1207 334 1327 374 mulla
1346 336 1516 374 membra
1534 335 1658 375 habet.

228 411 316 450 Par.
341 416 377 450 1.
399 415 438 449 2.
462 414 498 448 6.
521 407 641 446 mulla
663 406 799 443 liabent
819 421 868 443 m.
957 415 990 442 ct
1015 407 1112 442 sicut
1134 427 1189 433 —-
1208 415 1276 442 est.
1317 403 1407 443 Par.
1432 408 1470 443 6.
1492 413 1528 440 ct
1548 419 1661 440 unam

230 477 604 515 riv-cumdnctioncm.
655 472 746 510 Par.
777 477 816 510 2.
850 486 928 512 sec,
958 486 1013 510 m.
1050 471 1118 508 snb
1148 487 1260 509 unam
1283 470 1658 510 circumductionem.

231 545 318 584 Par.
344 549 378 583 1.
402 550 440 584 2.
464 539 670 594 aliquando
692 549 724 576 cl
745 554 821 577 ιιηα
839 538 1117 577 circumductio
1140 549 1208 576 cst.

337 613 372 663 ξ.
405 612 470 648 42.
529 607 602 645 Ιιοο
620 608 802 658 gravior.
845 604 911 644 Sic
940 605 1029 645 I'ar.
1062 612 1097 645 l.
1127 611 1164 644 2.
1194 610 1231 644 6.
1319 620 1424 655 crgo.
1475 603 1542 644 Sic
1571 603 1660 644 Par.

236 685 270 717 1.
294 683 332 717 2.
418 676 542 728 hique.
584 673 682 713 Pan·
706 677 744 711 1.
768 677 809 712 2.
833 676 870 712 6.
903 672 944 711 hi
973 689 1134 726 quoque.
1220 674 1440 711 intentione.
1485 670 1552 711 Sic
1574 670 1663 710 Par.

236 752 270 784 1,
305 750 340 782 6.

326 811 381 860 ..§
415 807 483 846 44.
541 809 609 860 qui
627 806 705 846 dic.
745 804 834 845 Par.
861 811 895 846 1.
919 812 959 845 2.
981 821 1076 859 quae
1093 805 1132 844 (l.
1218 802 1442 857 μονοειδής.
1480 803 1548 844 Sic
1572 803 1662 843 Par.

234 886 274 919 2.
322 874 532 927 ἀνωμαλία
559 873 649 914 Par.
677 878 713 912 1.
738 876 776 910 6.
863 875 1084 911 mutatione.
1124 871 1190 912 Sic
1210 871 1298 911 l’ar.
1321 877 1360 911 2.
1383 876 1422 912 6.
1467 880 1666 924 permuta-

233 949 334 985 iione
362 943 451 982 Par.
475 947 513 982 1.

296 1033 299 1036 >
345 1011 484 1060 §.¹443.
540 1005 643 1062 quod
661 1022 790 1058 magn.
833 1004 900 1045 Sic
918 1005 1006 1045 Par.
1022 1009 1103 1045 1.2.
1118 1010 1154 1044 6.
1195 1021 1266 1058 quo
1284 1022 1335 1044 m.
1355 1004 1444 1044 Par.
1458 1010 1497 1044 2.
1516 1019 1593 1043 sec.
1609 1018 1664 1042 m.

344 1080 380 1130 §.
412 1081 480 1118 50.
538 1073 658 1114 incid.
692 1089 796 1112 cons.
854 1072 921 1112 Sic
948 1071 1039 1112 Par.
1072 1077 1108 1110 1.
1143 1076 1206 1119 6.,
1256 1073 1327 1111 sed
1353 1072 1444 1113 Par.
1475 1077 1514 1112 2.
1546 1074 1665 1110 inser.

231 1157 406 1186 veterem.

343 1213 378 1263 ξ.
412 1213 479 1250 51.
539 1225 654 1263 neque
679 1232 735 1238 —-
760 1224 889 1261 neque.
938 1205 1029 1246 Par.
1055 1210 1092 1244 1.
1114 1211 1152 1246 2.
1178 1220 1248 1244 nec
1272 1229 1328 1235 —
1355 1221 1437 1245 nec.
1527 1202 1669 1243 Graeci

234 1297 380 1320 nomen.
416 1277 483 1317 Sic
503 1276 593 1316 Par.
619 1280 656 1315 1.
677 1281 715 1315 2.
741 1279 777 1314 6.

342 1350 377 1396 §.
411 1349 476 1385 52.
537 1359 625 1398 qua.
667 1341 735 1381 Sic
754 1341 843 1382 Par.
867 1346 906 1381 2.
955 1344 1049 1394 quia
1066 1340 1155 1380 Par.
1177 1344 1213 1379 1.

342 1416 377 1466 §.
412 1414 480 1452 55.
537 1407 730 1464 βράγχον.
769 1408 860 1448 I'ar.
887 1413 924 1447 1.
944 1406 1140 1461 βράγμον.

344 1483 379 1532 §.
415 1484 479 1520 56.
540 1476 740 1531 loquendo.
781 1474 848 1515 Sic
876 1474 966 1514 Par.
994 1480 1032 1513 1.
1051 1480 1097 1515 2.
1152 1473 1360 1528 eloquendo
1379 1473 1469 1514 Par.
1493 1478 1531 1514 6.

340 1549 376 1598 §.
409 1551 475 1587 57.
535 1544 752 1583 laboratur.
794 1540 863 1582 Sic
883 1540 974 1581 Par.
994 1547 1035 1581 2.
1084 1541 1271 1579 liberatur·
1294 1541 1386 1581 Par.
1413 1548 1449 1582 1.
1473 1546 1511 1581 6.
1600 1556 1667 1580 co-

230 1616 484 1654 missantium.
529 1611 595 1650 Sic
619 1611 709 1650 Par.
734 1614 772 1648 6.
832 1610 1124 1648 comessantium
1151 1608 1242 1649 I‘ar,
1265 1614 1303 1648 1.
1324 1614 1366 1649 2.

341 1682 377 1731 §.
411 1684 476 1719 58.
536 1676 695 1729 [Ludos
715 1675 862 1714 mlares
881 1678 1063 1726 intelligo
1095 1676 1209 1714 ludos
1236 1678 1431 1725 musicos,
1471 1675 1667 1728 siquidem

231 1751 394 1788 artifices
411 1745 646 1798 Dionysiaci
668 1758 826 1790 omnes,
866 1744 1059 1794 imprimis
1078 1742 1320 1793 citharoedi,
1359 1744 1458 1781 stola
1478 1744 1666 1780 muliebri

228 1815 354 1854 talari
386 1815 609 1853 utebau‘tur.
677 1808 763 1859 Qui
793 1808 956 1847 talarios
983 1811 1315 1860 interpretantur,
1364 1812 1448 1849 vim
1476 1809 1668 1848 adhibent

227 1885 318 1921 usui
347 1882 536 1920 sermonis
568 1884 607 1916 et
627 1892 781 1914 nexum
801 1877 1088 1915 sententiarum
1108 1878 1327 1927 negligunt.
1385 1874 1454 1915 Ab
1478 1876 1668 1914 emenda-

225 1952 334 1989 tione
354 1956 488 1986 autem
507 1945 730 1984 Pithoeana
740 1973 751 1990 ,
782 1945 940 1982 vili.an
961 1942 1126 1995 quidem
1145 1949 1304 1994 propter
1323 1945 1569 1982 vicinitatem
1588 1946 1666 1982 loci

229 2015 480 2056 Ciceroniani
492 2043 502 2063 ,
533 2026 687 2064 prorsus
711 2009 947 2060 abbonem]

335 2085 371 2133 §.
405 2085 471 2120 60.
530 2081 656 2117 initio.
699 2077 766 2117 Sic
784 2076 874 2116 Par.
900 2081 937 2115 6.
996 2077 1091 2114 vitio
1115 2075 1204 2115 Par.
1231 2079 1266 2114 1.
1289 2081 1329 2116 2.
1349 2094 1363 2109 ο
1407 2084 1409 2087 ⁴

335 2152 372 2201 §.
405 2152 472 2187 62.
532 2145 677 2196 index,
718 2160 778 2183 ac.
825 2142 892 2183 Sic
919 2142 1011 2191 Par.
1042 2147 1079 2182 1.
1114 2147 1175 2191 6.,
1230 2144 1299 2182 sed
1327 2141 1418 2183 Par.
1441 2148 1480 2183 2.
1507 2159 1584 2185 sec,
1605 2159 1659 2184 m.
1701 2194 1707 2202 ’

226 2215 327 2255 velut
347 2212 564 2267 exemplar.
963 2238 966 2242 ν
1211 2248 1214 2253 ,
1476 2247 1493 2250 ..
1545 2239 1548 2242 -
1649 2244 1658 2250 ,

335 2284 371 2333 §.
405 2286 470 2320 63.
529 2278 696 2320 Paulum
721 2281 764 2316 in
788 2279 866 2317 inv.
915 2275 983 2317 Sic
1007 2275 1099 2316 Par.
1124 2281 1160 2316 1.
1185 2282 1223 2317 2.
1248 2281 1284 2316 6.
1314 2307 1320 2315 .
1361 2276 1524 2318 lentior.
1555 2277 1658 2318 Par.

230 2355 267 2389 1.
291 2355 331 2389 2.
358 2354 395 2388 6.
423 2347 558 2387 lenior.

333 2417 368 2468 §.
402 2420 468 2454 66.
525 2413 700 2453 saltatio.
742 2410 808 2452 Sic
836 2410 926 2451 Par.
950 2416 990 2451 2.
1038 2409 1225 2450 salutatio
1247 2410 1336 2451 Par.
1361 2415 1397 2450 1.
1425 2416 1464 2451 6.
1554 2413 1660 2452 vultu

224 2485 326 2536 ingr.
367 2481 435 2522 Sic
463 2481 553 2521 Par.
580 2486 616 2520 1.
638 2486 677 2520 2.
707 2484 745 2518 6.

331 2551 366 2600 §.
400 2553 466 2588 67.
526 2549 567 2585 in
580 2549 748 2585 intimos.
788 2544 855 2585 Sic
878 2544 967 2585 Par.
991 2548 1029 2583 6.
1046 2575 1057 2594 ‚
1088 2544 1159 2583 sed
1175 2543 1264 2583 Par.
1287 2549 1323 2585 1.
1348 2550 1387 2585 2.
1413 2560 1493 2587 om.
1519 2549 1570 2586 ἰη.

223 2635 244 2656 (ι
270 2626 387 2657 motu.
426 2614 493 2655 Sic
515 2613 604 2655 Par.
627 2619 689 2663 2.‚
721 2613 789 2652 sed
808 2611 897 2653 Par.
918 2617 954 2652 1.
980 2616 1018 2651 6.
1042 2626 1121 2651 om.
1146 2628 1181 2650 α.
