1721 2974
370 146 424 186 acl
456 145 620 200 Quintil.
651 144 782 186 Instit.
817 142 904 195 VI,
937 149 976 185 3.
1011 144 1048 197 §.
1082 148 1280 187 73—-81,
1473 154 1554 191 339

210 262 246 314 §.
279 264 348 302 78.
408 261 694 314 objurgaretur.
732 259 872 301 Turio.
894 258 1152 312 objugareiur.
1237 258 1289 299 L.
1315 257 1430 301 Varo
1452 262 1553 316 Epi..

98 343 225 367 cul-co.
278 326 400 368 Amb.
426 333 463 368 1.
493 328 546 369 L.
579 344 692 368 rar-eo
721 345 781 383 ep.
837 326 952 368 Sich.
982 328 1103 366 etiam
1133 325 1183 364 L.
1211 324 1326 365 Varo
1347 327 1397 367 E.
1458 328 1553 381 [Ad

96 392 323 449 Spaldjngii
363 404 503 435 notam
541 405 697 449 exeget.
740 398 792 436 cf.
827 398 908 447 ejus
939 395 1105 448 praefat.
1138 392 1236 434 Vol.
1274 392 1316 432 II
1344 409 1434 448 pag.
1453 394 1552 438 VII.

97 459 161 500 De
181 460 405 516 Asprenate
425 465 608 503 veneficii
626 479 694 503 reo
716 464 827 503 idem
845 462 985 516 Spald.
1009 463 1179 502 conferri
1197 464 1309 513 jussit
1329 461 1434 502 I’lin.
1455 464 1550 505 hist.

94 524 276 581 nat.⁴35‚
314 537 365 571 12
396 530 521 582 extr]
609 530 819 586 fecissent.
867 530 1008 583 Camp.
1042 532 1130 569 sint.
1227 527 1550 583 Repercutiencli.

93 595 201 636 Flor.
223 598 499 652 repercutcmli.
591 600 914 637 venustissimum.
962 596 1071 637 Flor.
1093 600 1396 647 vetutissimam,
1429 613 1451 638 a
1474 614 1551 639 sec.

94 679 149 703 m.
173 666 267 705 fem.
355 665 620 706 similitudine.
670 665 808 705 Turio.
834 680 854 703 a
875 680 935 718 pr.
956 680 1012 705 m.
1044 664 1348 705 similitudinem.
1442 667 1555 706 Tra-

95 731 242 774 chalus.
282 732 407 773 Amb.
430 739 467 773 1.
491 733 751 775 trachaloetus.
789 732 899 772 Flor.
928 734 1051 771 etiam
1072 732 1348 773 trachallatus.
1438 733 1557 774 Suel-

94 798 166 839 lio.
215 799 340 840 Amb.
366 807 403 841 1.
424 804 546 840 etiam
571 800 710 841 sicelio.
809 799 925 839 redis.
973 798 1041 839 Sic
1063 802 1185 839 etiam
1206 799 1320 840 Sich.

205 866 287 921 [In
307 871 393 919 joco
415 871 654 922 explicando
684 872 767 922 ipse
789 870 865 907 sibi
886 867 1148 920 Spaldingius
1170 871 1371 908 immerito
1394 870 1556 910 videtur

92 937 343 976 calumniari.
402 936 632 976 Praesentia
651 939 684 975 is
707 945 746 975 et
770 935 873 973 redis
895 949 965 987 pro
982 933 1143 974 Futuris
1162 946 1255 975 sunt
1274 938 1554 990 intelligenda,

93 1000 153 1050 de‘=
173 1016 249 1055 qua
282 1019 323 1042 re
358 1005 539 1043 dubitare
564 1019 684 1043 nemo
718 1005 865 1056 poterit
894 1004 1210 1056 qui'contulerit
1240 1018 1342 1057 quae
1362 1003 1556 1044 Draken-

91 1069 227 1109 borch.
249 1071 298 1110 ad
310 1069 402 1111 Liv.
417 1076 454 1118 3,
475 1076 525 1112 56
547 1081 585 1110 et
606 1070 762 1111 fortius
794 1071 845 1109 ad
866 1068 1032 1109 Sallust.
1047 1068 1164 1109 Catil.
1187 1074 1235 1110 51
1259 1086 1322 1110 nr.
1345 1076 1398 1113 26
1425 1087 1556 1111 anno-

91 1144 290 1178 taverunt.
360 1138 512 1180 Sujlius
550 1143 673 1193 igitur
704 1140 830 1179 semel
865 1140 948 1188 jam
980 1140 1024 1176 in
1066 1140 1187 1177 exilio
1224 1140 1344 1178 fuisse
1387 1154 1556 1179 censen-

93 1204 164 1244 dus
196 1206 301 1257 est.]

208 1275 240 1324 §.
265 1279 333 1314 79.
381 1274 624 1329 Procula-jus.
664 1273 789 1314 Aan.
815 1279 852 1313 1.
877 1287 1037 1328 quoque
1055 1271 1293 1327 proclueius.
1378 1284 1414 1312 et
1436 1274 1553 1314 ridie.

95 1338 232 1394 Camp.
253 1345 401 1382 omittit
422 1354 470 1383 ct.
573 1343 697 1383 divus.
741 1342 880 1395 Camp.
900 1342 955 1381 D.
1055 1343 1102 1380 ei.
1152 1339 1261 1381 Flor.
1284 1342 1376 1389 ejus.
1466 1342 1556 1382 Do-

93 1407 251 1449 labella.
304 1409 446 1464 Camp.
476 1410 703 1451 Dolabella.
819 1420 961 1448 iamen-
1020 1406 1147 1449 Goth.
1175 1407 1295 1449 Voss.
1328 1414 1368 1449 2·
1411 1407 1553 1464 Camp-

93 1492 265 1517 causam.
1292 1481 1295 1484 '

204 1549 239 1598 §.
273 1551 340 1587 80.
401 1550 482 1602 inq.
509 1558 556 1587 te.
600 1547 667 1588 Sic
691 1549 812 1586 etiam
840 1545 947 1585 Flor.
1009 1547 1090 1599 inq.
1116 1555 1186 1584 ter.
1217 1541 1344 1585 Amb.
1371 1548 1408 1585 1.
1472 1542 1554 1599 [In

93 1629 191 1654 voce
226 1617 353 1655 civica
382 1619 497 1655 nulla
525 1619 743 1669 scripturae
777 1616 982 1653 diversitas
1011 1627 1063 1652 ex
1090 1612 1196 1652 Flor.
1228 1620 1267 1651 et
1281 1610 1407 1652 Amb.
1432 1622 1555 1653 nota-

92 1690 179 1733 tur3
219 1685 252 1721 si
281 1684 380 1737 quid
412 1685 714 1723 emendandum
744 1685 817 1733 sit,
866 1684 1008 1720 malim
1041 1679 1208 1735 pedica,
1258 1688 1304 1719 ut
1329 1683 1480 1735 torquis
1509 1683 1555 1721 in

92 1752 193 1789 collo
232 1741 398 1804 pedicae
449 1755 493 1798 in
540 1752 709 1805 pedibus
761 1750 1012 1803 respondeat.
1091 1746 1174 1788 Sed
1219 1750 1334 1786 nulla
1385 1750 1553 1788 omnino

92 1822 335 1858 correctione
396 1834 493 1873 opus
551 1821 732 1870 videtur3
792 1819 935 1858 ludens
997 1817 1110 1855 aliud
1164 1830 1290 1869 genus
1350 1815 1555 1856 honorum

92 1888 330 1924 militarium
367 1891 494 1938 majus
539 1890 661 1927 etiam
692 1896 731 1926 et
760 1888 1022 1925 excellentius
1052 1883 1260 1937 Aug-ustus
1289 1882 1553 1937 nominavit]

181 1952 322 1992 Galba.
383 1953 509 1994 Amb.
543 1959 581 1994 1.
623 1953 730 1994 Flor.
770 1952 903 1993 Galla.
1022 1953 1248 1991 victoriato.
1306 1950 1414 1991 Flor.
1429 1954 1553 1991 etiam

94 2036 116 2060 a
141 2037 200 2074 pr.
225 2037 280 2060 m.
312 2024 482 2062 victoria
508 2021 573 2070 id,
613 2037 635 2060 a
665 2037 742 2061 sec.
773 2036 827 2061 m.
859 2022 1035 2059 victoria
1067 2035 1104 2058 a.
1219 2017 1377 2060 Sicilia.
1425 2017 1550 2062 Amb.

94 2095 132 2129 1.
174 2087 313 2144 Camp.
342 2088 539 2130 Siciliam.
655 2089 785 2144 pedes.
842 2086 978 2129 Guelf.
1008 2086 1164 2142 pedum.
1276 2086 1344 2126 ibi.
1411 2084 1550 2140 Guelss.

93 2144 175 2197 tibi.
289 2168 330 2196 ut
359 2161 426 2197 iis.
475 2156 600 2197 Amb.
635 2162 672 2197 1.
704 2168 745 2195 ut
769 2160 824 2205 is,
865 2171 888 2195 a
908 2171 986 2195 sec.
1009 2170 1065 2195 m.
1097 2152 1234 2195 Guelf.
1264 2152 1374 2194 Jens.
1401 2163 1440 2193 et
1459 2155 1551 2195 edd.

91 2236 184 2266 ante
206 2224 362 2277 Colin.‚
402 2241 513 2265 exce.
535 2224 636 2265 Bad.
662 2224 815 2266 Cervic.
846 2235 886 2263 ut
915 2224 986 2262 liis,
1101 2232 1274 2261 utantur.
1322 2220 1430 2262 Flor.
1461 2221 1553 2262 Par.

94 2300 132 2335 1.
154 2300 195 2335 2.
216 2297 336 2334 etiam
359 2295 588 2346 cingantur,
621 2296 720 2333 item
737 2292 878 2342 Amb.,
909 2294 1057 2348 quippe
1075 2290 1183 2330 nihil
1204 2292 1252 2329 ab
1274 2288 1554 2330 Obrechtiana

93 2365 287 2416 scriptura
309 2362 512 2401 diversmn
533 2370 709 2402 notatur.
752 2360 869 2413 Quae
890 2376 960 2401 cur
980 2358 1257 2413 postponenda
1275 2360 1325 2397 sit
1345 2359 1551 2408 conjectu-

93 2446 159 2470 rae
180 2429 382 2483 Regianae
403 2445 487 2469 non
507 2445 602 2469 sane
623 2432 819 2482 intelligo.
1126 2471 1132 2474 ,

207 2500 242 2550 §.
274 2503 340 2538 81.
401 2497 570 2538 Claudii.
625 2496 762 2538 Tmic.
785 2513 807 2536 a
828 2513 887 2550 pr.
907 2511 962 2536 m.
989 2493 1147 2535 Claudi.
1243 2490 1414 2547 quidam.
1461 2489 1552 2530 Tu-

95 2569 165 2606 ric.
195 2566 356 2621 quidem.
480 2568 599 2620 cujus.
664 2565 768 2606 Flor.
797 2580 958 2620 quoque
989 2565 1144 2604 civium.
1264 2557 1548 2599 exclamasset.

95 2634 183 2675 Par.
207 2639 243 2676 1.
266 2640 306 2676 2.
337 2634 449 2676 Sich.
473 2637 595 2674 etiam
616 2633 865 2675 exclamasse
873 2632 1029 2690 firtum
1145 2628 1319 2670 libertos.
1369 2624 1506 2666 Turio.
1526 2638 1551 2663 a

989 2699 1087 2740 Y2
