1721 2974
160 191 240 228 260
594 183 866 239 supplementa
893 184 1155 226 annotationis

241 299 338 352 subj.
370 313 483 338 max.
544 297 682 350 Camp.
713 312 766 336 m.
796 311 829 335 s.
925 293 1118 335 videntur.
1167 293 1272 336 Flor.
1304 310 1461 352 quoque
1491 298 1593 339 clivi-

158 366 308 405 dentur.
424 364 496 403 Eae
526 365 598 405 his.
657 362 782 402 Amb.
816 366 852 401 1.
883 366 923 402 2.
954 376 1009 400 ex
1035 364 1096 401 iis.

266 437 300 484 §.
335 436 400 473 56.
461 449 535 471 non
574 433 667 484 quia
694 453 751 460 --
780 428 922 478 arbor,
974 431 1116 482 utique.
1174 426 1299 470 Amb.
1333 434 1371 471 1.
1409 447 1486 471 non
1522 449 1595 487 que

157 500 277 539 arbor
310 499 493 553 platanus
533 508 589 536 cst
627 496 680 536 acl
719 495 814 551 quid
855 495 974 535 arbor
1009 499 1152 550 utique.
1209 495 1318 537 Flor.
1359 499 1481 537 etiam
1512 515 1594 540 -non

159 583 270 621 quae.
386 567 479 619 quia
515 574 571 602 cst
607 563 691 603 arb.
728 563 827 618 plat.
885 562 1024 616 Camp.
1066 580 1105 618 q.
1136 581 1168 603 c.
1200 580 1238 604 α.
1268 567 1398 618 utique
1422 563 1480 618 pl.

158 633 268 684 Nec,
310 632 412 687 quod
438 656 493 662 —-—-
519 631 685 683 justitia.
743 629 868 671 Amb.
892 636 928 671 1.
957 630 1063 671 Flor.
1096 645 1118 670 a
1136 646 1196 684 pr.
1218 646 1270 669 m.
1293 647 1361 671 nec
1384 631 1489 685 quod
1508 634 1593 672 vir-

157 711 219 739 ius
249 711 302 739 est
332 702 459 752 urique
499 697 631 751 (Flor.
661 700 779 738 inser.
812 700 916 747 non)
953 708 1079 753 potest
1118 713 1198 736 esse
1226 700 1428 752 injustitia.
1538 699 1591 739 It.

157 784 183 806 α
207 784 294 820 gen.
353 766 457 805 Flor.
489 780 649 820 quoque
679 774 719 804 et
746 763 872 805 Amb.
893 770 932 805 2.
965 769 1156 804 omittunt
1184 782 1222 805 a.
1320 781 1428 820 perv.
1451 777 1507 805 est
1526 767 1592 808 ad.

158 833 282 873 Amb.
315 838 352 872 1.
384 847 463 872 om.
495 842 563 871 est*
678 833 777 870 enim
809 848 895 884 gen.
927 843 995 871 cst.
1055 831 1193 885 Camp.
1225 843 1280 871 est
1308 849 1365 872 en.
1391 850 1480 886 gen.

158 902 380 939 communis.
438 898 564 938 Amb.
597 904 633 938 1.
677 897 832 952 Camp..
875 915 1080 939 commune.
1165 899 1372 946 demonstr,
1402 900 1446 940 id
1472 899 1590 955 quod.

157 966 224 1007 Sic
254 969 372 1006 etlam
402 964 527 1006 Amb.
555 971 592 1005 1.
623 965 730 1006 Flor.
761 969 846 1006 Par.
875 971 911 1006 1.

270 1034 306 1083 §.
337 1038 406 1074 57.
450 1036 630 1087 firmam.
687 1031 821 1086 camp.
851 1049 1048 1073 summam.
1135 1050 1210 1074 non
1239 1045 1294 1073 est
1319 1037 1413 1088 just.
1458 1033 1592 1075 Guelf.
1642 1073 1644 1075 ,

157 1115 238 1140 om.
269 1111 336 1139 est.
425 1110 546 1139 const.
577 1110 679 1140 cont.
724 1099 832 1140 Jeus.
866 1101 1046 1139 ordinem
1086 1110 1225 1141 mutat.
1311 1104 1452 1155 itaque.
1490 1101 1589 1143 Ald.

154 1169 224 1206 iia.
332 1184 357 1206 a
383 1171 523 1221 specie.
575 1166 699 1208 Aan.
733 1172 769 1207 1.
800 1167 848 1205 ab
877 1184 936 1221 sp.
1034 1170 1110 1207 nisi
1147 1185 1287 1208 omnes.
1332 1164 1453 1209 Amb.
1487 1173 1523 1208 1.
1548 1175 1589 1209 2.

154 1233 244 1274 Par.
277 1240 314 1275 1,
350 1240 388 1276 5.
428 1238 567 1276 insert.
604 1245 659 1274 ut.
760 1245 1037 1275 removeantur.
1094 1233 1229 1274 Etiam
1256 1234 1381 1274 Amb.
1415 1240 1452 1274 1.
1481 1235 1589 1276 Flor.

151 1313 486 1356 praemoneantur&
598 1300 711 1353 Quod
742 1318 860 1356 anlle
886 1326 942 1333 ··—
980 1319 1056 1342 noll
1083 1311 1151 1342 est·
1210 1301 1335 1342 Alnb·
1373 1307 1410 1342 1ο
1450 1302 1589 1355 calup-

155 1385 194 1423 q.
224 1385 263 1410 n.
294 1368 459 1409 mortale
489 1386 520 1409 e.
552 1386 588 1409 n.
621 1369 839 1408 immoriale
879 1386 917 1409 α.
956 1386 994 1409 n.
1030 1379 1097 1408 est.
1155 1368 1294 1410 Turio.
1330 1368 1438 1410 Flor.
1474 1385 1497 1409 a
1528 1385 1589 1423 pr.

154 1450 211 1476 m.
243 1453 280 1490 q.
311 1454 348 1476 n.
380 1436 585 1476 inmortale
623 1436 772 1475 animal
806 1447 873 1476 est.
931 1434 1043 1476 Alm.
1082 1452 1161 1477 om.
1193 1453 1291 1487 non,
1332 1435 1441 1477 Jens.
1469 1436 1588 1477 Tarv-

155 1506 263 1560 prius
291 1521 420 1557 neque.
482 1502 605 1543 Goth.
637 1504 703 1542 dat
732 1520 799 1542 nec
826 1528 882 1534 --
911 1520 990 1544 nec.

268 1572 304 1622 ᾧ.
337 1575 402 1611 58.
460 1573 623 1624 propria
653 1581 688 1608 et
719 1571 956 1625 dq'ffiwntia.
997 1570 1121 1611 Aan.
1142 1577 1180 1612 1.
1199 1575 1388 1626 propriae
1407 1569 1592 1625 dffff'eren-

156 1639 258 1688 1z'ae,
296 1638 404 1691 quod
434 1641 553 1676 etiam
582 1636 689 1676 Flor.
722 1653 743 1676 a
776 1653 834 1690 pr.
866 1653 949 1688 111.‚
994 1640 1063 1677 sed
1087 1641 1271 1693 proprie,
1314 1653 1405 1677 cum
1436 1637 1589 1687 Turio„

155 1706 232 1743 nisi
262 1705 370 1758 quod
398 1705 464 1743 hic
494 1715 529 1742 et
556 1719 638 1742 non
667 1707 826 1743 omittit.
917 1704 1043 1759 df'ffir.
1077 1705 1215 1759 Propr.
1247 1703 1382 1744 Guelf.
1404 1702 1526 1744 Amb.
1547 1709 1588 1743 2.

156 1769 275 1810 Bern.
309 1770 427 1811 Voss.
463 1776 501 1812 1.
533 1775 570 1810 3.
604 1768 726 1810 Goth.
757 1770 874 1811 Voss.
897 1777 936 1812 2.
965 1771 1074 1811 Jens.
1105 1770 1225 1811 Tarv.
1256 1770 1353 1811 Ald.
1383 1774 1519 1810 inserr.
1549 1786 1589 1810 a.

242 1837 423 1892 Propriis
447 1862 504 1869 —-
531 1836 710 1878 solvitur.
756 1837 879 1879 Amb.
913 1844 950 1879 1.
981 1838 1089 1878 Flor.
1121 1853 1144 1877 a
1166 1854 1230 1891 pr.
1254 1854 1309 1878 m.
1340 1838 1438 1877 haec
1468 1839 1590 1876 omit-

155 1914 258 1944 tunt.
350 1904 569 1959 Proprium.
608 1903 714 1945 Flor.
745 1920 766 1943 a
785 1921 843 1958 pr.
862 1921 918 1946 111.
946 1908 1142 1959 proprius.
1230 1904 1333 1959 quocl
1350 1903 1437 1943 soli.
1478 1901 1591 1943 Ahn.

156 1972 346 2026 quidquid
373 1972 459 2012 soli.
556 1972 660 2026 quocl
697 1974 839 2026 usique.
907 1972 1032 2013 Amb.
1068 1977 1106 2012 1.
1146 1971 1282 2012 Turio.
1312 1970 1417 2010 Flor.
1448 1969 1588 2024 Camp.

156 2039 345 2093 quidquid
373 2042 517 2093 utiquc.
612 2038 828 2095 calefacere
890 2038 1018 2080 Amb.
1038 2045 1077 2079 2.
1109 2055 1267 2094 quoque
1298 2038 1515 2095 calfacere..

156 2106 319 2159 ejusdem
344 2109 412 2146 rei.
459 2104 577 2146 Geth.
599 2109 676 2160 ejus
696 2109 764 2146 rei.
852 2107 1103 2161 quodcunque
1122 2132 1178 2138 —
1196 2124 1271 2147 non
1295 2110 1436 2160 utique.
1479 2105 1590 2145 Haeo

155 2176 302 2213 omittit
332 2173 469 2227 Camp.
556 2174 678 2213 solvet
706 2197 763 2204 —-
794 2174 1053 2230 cousin-mabit.
1092 2173 1218 2216 Amb.
1243 2180 1280 2215 1.
1310 2188 1467 2229 quoque
1497 2187 1590 2212 cum

155 2238 260 2279 Flor.
292 2240 407 2280 solvit
435 2266 491 2273 —
522 2244 740 2297 confirmat.

269 2309 306 2357 §.
339 2312 404 2349 59.
463 2309 557 2364 quid
594 2311 658 2349 sit.
722 2306 842 2348 Goth.
874 2307 978 2362 quod
1004 2310 1068 2348 sit.
1175 2311 1352 2362 cujusque
1379 2309 1586 2363 quaeritur.

154 2372 279 2414 Amb.
306 2380 340 2414 1.
377 2374 481 2415 Flor.
516 2391 537 2415 a
569 2392 627 2429 pr.
657 2390 712 2415 m.
744 2390 904 2430 quoque
933 2376 1088 2430 hujusce
1116 2385 1331 2430 quaeretur.
1416 2384 1587 2415 vocetur.

154 2439 280 2482 Amb.
311 2447 348 2482 1.
374 2449 414 2486 2.
441 2442 548 2484 Flor.
582 2442 751 2482 dicatur.

266 2510 300 2561 §.
331 2514 396 2550 60.
456 2510 533 2562 Qui
560 2526 701 2549 servus.
756 2508 863 2549 Flor.
895 2507 1034 2562 Camp.
1071 2511 1108 2548 si
1134 2524 1276 2548 servus.
1360 2510 1396 2548 si
1423 2524 1589 2548 manum.

157 2572 295 2628 Camp.
326 2579 396 2616 etsi
421 2593 523 2617 man.
608 2576 751 2616 itidem.
805 2575 938 2616 Etiam
965 2576 1072 2617 Flor.
1101 2575 1222 2616 Amb.
1249 2582 1288 2618 2.
1315 2575 1404 2617 Par.
1438 2580 1472 2615 1.
1492 2581 1528 2616 2.
1551 2580 1588 2615 3.

156 2639 267 2683 idem.
349 2643 541 2685 addictus.
587 2643 712 2686 Amb.
747 2649 784 2685 1.
812 2643 1020 2686 addicitur.
1073 2643 1212 2698 Camp.
1244 2643 1419 2698 adjectis.
1467 2639 1618 2683 Tan-vs
