1721 2974
399 159 454 200 ml
485 160 648 214 Quintil.
678 160 808 206 Ῑηείίι.
841 157 898 211 V,
931 145 996 199 1¹3.
1028 159 1062 212 ᾗ.
1086 162 1281 200 26—33.
1483 160 1564 198 293

225 273 263 326 §.
294 278 363 316 29.
422 273 773 329 apprehenduntur.
829 271 953 314 Amb.
977 277 1012 313 2.
1041 269 1348 326 αᾶρνεηιῖιιηίιιν.
1462 281 1564 310 cunt.

109 338 219 380 Jens.
251 350 290 380 et
319 342 410 383 edd.
442 351 535 382 aute
563 340 664 382 Ald.
692 345 783 384 sint.
889 343 994 397 quia.
1046 337 1181 380 Guelf.
1202 337 1310 393 quid.
1418 339 1562 378 monui.

110 405 236 448 Amb.
273 414 310 449 1.
338 412 457 449 innui.
509 408 646 450 Turio.
667 409 700 450 F
702 412 774 452 lor.
797 426 819 450 a
838 425 895 463 pr.
916 424 970 449 m.
992 408 1181 448 imminui.
1278 404 1376 444 dicit
1393 428 1451 435 ——
1469 420 1564 443 con-

110 478 274 515 rrarium
307 477 410 531 quod
436 477 528 518 aclv.
576 476 645 518 Sic
666 477 792 520 Amb.
817 483 854 520 1.
890 476 999 518 Flor.
1029 490 1053 516 a
1072 490 1132 529 pr.
1151 488 1233 526 m.,
1271 473 1344 513 sed
1365 487 1386 512 a
1406 487 1485 512 seo.
1505 486 1564 511 m.

108 541 147 582 d.
168 559 203 583 c.
215 546 332 598 facit
353 561 427 600 quo
448 544 538 586 αᾶυ.

223 610 375 665 [Quod
409 613 512 652 dixit
544 612 721 653 insolens
752 628 834 653 esse
865 611 1074 666 Spalding.
1101 619 1147 651 ut
1177 607 1326 666 referre
1357 616 1457 648 esset
1490 621 1563 660 pro

110 690 297 732 repetere,
326 681 586 734 reprehendit
612 689 737 720 semet
758 683 841 733 ipse
863 683 952 720 loco
973 680 1137 718 laudato
1160 677 1244 718 Cio.
1265 693 1304 730 p.
1323 675 1484 716 Cluent.
1507 679 1554 713 31

107 746 207 786 illud
233 747 359 799 idem,
402 747 507 802 quod
538 758 618 787 ium
648 746 858 800 explosum
886 757 922 786 et
943 749 1102 800 ejectum
1124 756 1200 795 est,
1232 761 1333 784 nunc
1352 741 1560 792 retulisse-‚J

219 839 256 887 §.
289 841 356 877 30.
416 846 683 875 commentum.
733 834 858 875 Amb.
883 840 921 876 1.
951 834 1059 875 Flor.
1096 850 1195 888 apr.
1218 849 1274 874 m.
1309 835 1431 872 etiam
1467 847 1562 870 con-

103 914 257 943 tentum.
345 902 579 943 adversarii.
625 902 736 944 Jens.
759 903 978 945 adversari.
1064 905 1177 945 inter.
1227 901 1353 941 Amb.
1383 905 1420 940 1.
1450 899 1559 938 Flor.

103 987 201 1025 apr.
220 987 276 1012 m.
309 982 459 1012 contr-a.
579 972 679 1025 ipsa.
740 970 879 1012 Turio.
911 987 934 1011 a
956 987 1015 1025 pr.
1034 987 1090 1010 m.
1121 973 1261 1024 ipsam.
1375 976 1559 1021 pugnent.

104 1039 241 1080 Turic.
266 1049 305 1080 et
323 1039 431 1081 Flor.
453 1055 473 1079 a
493 1055 553 1094 pr.
574 1056 629 1081 m.
650 1050 808 1094 pugnet.
907 1057 1005 1094 quae
1027 1039 1081 1078 al.
1103 1054 1172 1077 err.
1224 1036 1332 1076 Flor.
1366 1051 1386 1074 a
1413 1051 1472 1087 pr.
1500 1049 1557 1072 m.

102 1125 199 1162 qnae
219 1107 265 1146 de
291 1125 329 1148 a.
350 1119 385 1147 et
404 1124 471 1149 eae.
522 1107 649 1149 Ajnb.
674 1113 711 1149 1.
735 1107 850 1163 quale
870 1107 921 1149 al.
943 1123 1014 1147 ex.
1124 1104 1322 1148 Coeliana,
1371 1102 1496 1143 Amb.
1518 1106 1556 1140 1.

103 1178 226 1215 etiam
254 1175 422 1216 iuliana.
541 1176 696 1218 Clodia.
751 1175 860 1216 Flor.
889 1191 913 1216 a
940 1191 1001 1230 pr.
1031 1190 1087 1217 m.
1123 1173 1295 1214 claudia.
1413 1168 1558 1211 Coelio.

102 1242 227 1283 Amb.
264 1248 301 1285 1.
341 1244 478 1285 Turio·
517 1261 540 1284 a
568 1261 627 1298 pr.
657 1260 712 1285 m.
753 1244 866 1284 caeli.
992 1242 1095 1299 quod
1131 1245 1233 1296 sign.
1295 1239 1402 1280 Flor.
1434 1242 1556 1277 inser.

101 1315 232 1352 eliam.
281 1311 406 1353 Amb.
431 1319 468 1354 1.
492 1312 594 1369 quod
617 1315 745 1353 eiiam.
845 1311 1165 1370 familiaritatis.
1217 1310 1325 1350 Flor.
1357 1323 1378 1346 a
1409 1322 1468 1359 pr.
1500 1319 1556 1344 m.

86 1380 352 1437 fiugililatis.
461 1384 611 1425 summi.
656 1379 781 1420 Amb.
802 1386 842 1421 2.
876 1397 971 1419 sum.

214 1473 250 1524 §.
286 1477 354 1513 31.
414 1474 598 1529 queritur.
652 1470 781 1511 Amb.
809 1477 849 1511 2.
889 1472 1102 1525 quaeritur.
1225 1483 1331 1507 vero,
1389 1464 1557 1505 Omittit

99 1538 227 1580 Amb.
262 1546 297 1581 1.
415 1543 670 1582 occasionem.
732 1538 860 1578 Amb.
898 1544 934 1578 1.
974 1540 1274 1578 accusationem.
1392 1530 1555 1573 accidit.

99 1607 207 1650 Flor.
229 1609 400 1657 accidat.
489 1609 600 1649 dicii.
647 1608 679 1648 F
684 1611 753 1647 lor.
772 1610 871 1646 item
891 1605 1010 1646 dicta.
1057 1604 1184 1646 Amb.
1208 1610 1246 1645 1.
1269 1603 1378 1644 daia.
1424 1598 1554 1639 Amb.

97 1683 138 1719 2.
171 1677 316 1717 ductio.

209 1759 241 1810 §.
272 1762 340 1798 32.
387 1757 537 1812 fllium.
590 1755 729 1798 Turio.
761 1771 877 1797 aseo.
900 1770 956 1795 m.
973 1753 1071 1811 filii,
1176 1751 1364 1805 Egnatio.
1413 1747 1551 1805 Guelf.

96 1824 223 1866 Amb.
256 1832 294 1866 2.
324 1828 534 1879 enignaiio.
660 1841 747 1882 quo.
807 1823 946 1865 Tutin.
978 1822 1088 1863 Flor.
1118 1819 1244 1861 Aan.
1275 1825 1317 1860 2.
1349 1816 1464 1872 quod.

100 1892 373 1946 Oppianicum.
419 1888 795 1946 Jens.'Oppiatium.
902 1890 1198 1931 exheredatum.
1251 1886 1378 1928 Amb.
1407 1891 1442 1926 1.
1475 1899 1552 1924 cx-

93 1958 364 1999 hereditatum.

211 2039 247 2090 §.
279 2042 347 2078 33.
405 2036 464 2077 At
485 2036 593 2077 haec.
643 2035 782 2077 Turio.
806 2036 913 2076 Flor.
935 2052 958 2076 a
975 2052 1035 2090 pr.
1057 2051 1114 2076 m.
1145 2035 1199 2075 ad
1217 2035 1326 2075 haec.
1427 2034 1550 2076 Acci.

94 2104 224 2147 Amb.
251 2111 288 2146 1.
311 2111 350 2146 2.
373 2104 478 2145 Flor.
498 2105 587 2146 Par.
612 2109 650 2145 1.
674 2110 714 2145 2.
745 2109 867 2143 etiam
885 2103 990 2144 Ani.
1096 2120 1243 2145 censeo.
1297 2101 1434 2143 Guelf.
1458 2118 1550 2141 cen-

93 2178 167 2214 sio.
285 2175 514 2213 censorium.
571 2171 697 2215 Amb,
728 2178 767 2213 2.
811 2171 922 2213 Jens.
956 2188 1169 2213 censorum.
1291 2170 1339 2212 Si
1368 2170 1547 2224 Egnatii.

95 2242 264 2284 Omittit
282 2240 408 2281 Amb.
433 2246 471 2281 1.
503 2239 641 2280 Turio.
664 2239 771 2280 Flor.
796 2255 818 2280 a
838 2256 897 2295 pr.
916 2256 972 2281 m.
1030 2240 1181 2294 Egnati
1203 2238 1338 2281 Guelf.
1360 2237 1487 2279 Amb.
1505 2242 1546 2277 2.

93 2321 262 2365 utroque
281 2312 385 2350 loco.
490 2308 623 2364 Ipsum
654 2311 754 2348 enirn
781 2308 1010 2362 Egnatium.
1069 2309 1177 2351 Flor.
1211 2324 1234 2351 a
1260 2324 1322 2363 pr.
1344 2322 1398 2346 m.
1428 2305 1544 2346 Alm.

94 2381 122 2419 i.
146 2395 267 2432 genus
295 2377 346 2418 E.
384 2392 478 2418 cum
508 2375 635 2417 Amb.
661 2382 727 2428 1.,
781 2379 850 2431 qui
889 2380 1026 2418 omnia
1057 2378 1310 2431 insequentia
1338 2391 1465 2430 usque
1495 2375 1548 2414 ad

55 2460 70 2475 ·
94 2463 204 2501 quem
219 2457 336 2501 pater
351 2447 514 2486 omittit.
563 2443 702 2485 Turio.
719 2461 840 2497 genus
859 2445 1092 2499 Enagiium‚
1122 2446 1192 2485 sed
1209 2460 1231 2483 a
1250 2460 1327 2486 sec.
1348 2459 1401 2483 m.
1422 2445 1546 2483 omit-

94 2517 144 2554 tit
160 2531 294 2568 genus.
381 2513 455 2553 Sin
472 2524 599 2554 autem
618 2516 850 2553 censorium.
897 2511 1035 2554 Turio.
1057 2528 1080 2553 a
1099 2529 1178 2553 seo.
1199 2528 1255 2552 m.
1283 2529 1316 2552 ε.
1339 2528 1376 2551 α.
1400 2528 1542 2551 censes,

174 2581 275 2622 hunc
286 2581 387 2635 Egn.
426 2580 495 2622 Sic
519 2584 640 2621 etiam
660 2579 766 2621 Flor.
787 2580 966 2622 Amb.2.
1052 2579 1321 2621 eoeheredavit.
1359 2578 1497 2619 Turio.
1521 2594 1543 2617 a

97 2665 155 2706 pr.
183 2665 238 2690 m.
269 2648 392 2692 Goth.
423 2650 722 2692 exhereditavit.
850 2655 1040 2705 ejicerent.
1097 2649 1230 2689 Turio.
1262 2648 1369 2688 Flor.
1404 2635 1542 2701 (Tiunp.
