1721 2974
105 171 156 208 40
539 166 812 222 Supplcmcnta
852 163 1114 205 annotationis

108 276 249 331 Cmnp.
367 288 442 318 rat.
473 276 567 317 Lat.
606 275 728 318 Amb.
761 283 797 317 1.
909 276 1072 329 patitur.
1127 276 1302 329 patietur
1347 273 1473 315 Amb.
1509 255 1575 314 Ly

112 345 251 399 [Num
281 347 380 384 sorte
413 345 626 399 patiatur?
658 342 818 394 Sand.]

225 414 262 463 §.
300 413 366 452 64.
417 415 458 451 in
487 423 647 466 utroque
678 411 791 451 modo
819 409 954 449 Turio.
986 408 1092 450 Flor.
1124 407 1252 450 Amb.
1275 415 1312 449 1.
1343 407 1493 450 Almel.

108 478 225 518 malet
264 483 381 518 etiam
421 479 542 519 Tarv.
591 479 704 519 cerv.
750 476 890 529 Camp.
931 475 1053 516 Paris.
1085 483 1122 518 1.
1157 484 1197 518 2.
1237 475 1362 516 Amb.
1386 483 1426 517 2.
1458 479 1550 516 fort.

109 546 234 586 Amb.
259 551 294 585 1.
325 545 457 584 mallet
489 551 609 586 etiam
639 546 747 586 Jens.
780 543 916 583 Turio.
946 543 1052 584 Flor.
1170 544 1341 599 loquitur
1371 560 1393 583 a
1416 560 1475 597 pr.
1496 558 1552 583 m.

112 613 237 653 Amb.
272 619 308 652 1.
352 622 392 652 et
421 613 555 654 Turic.
671 611 738 650 scd
768 621 894 649 tamen
935 612 1083 666 repr-elz.
1123 610 1260 652 Turio.
1301 611 1409 653 Flor.
1443 627 1465 651 a
1493 627 1553 665 pr.

112 696 167 720 m.
199 679 354 720 Almel.

229 749 266 798 §.
299 751 364 787 65.
426 746 515 784 dnm
546 762 590 783 nc
614 755 804 799 pugnant.
864 743 925 784 Ita
953 748 1074 798 plane
1101 744 1227 785 Alnb.
1251 753 1290 787 2.
1321 745 1411 786 Par.
1443 751 1482 786 1.
1518 750 1557 786 6.

115 813 305 853 interdum
335 830 490 868 repugn.
525 815 660 851 Turio.
696 811 836 865 Calnp.
866 815 954 852 Par.
985 819 1024 853 2.
1042 843 1052 862 ,
1102 814 1193 852 fort.
1226 811 1353 852 Aan.
1380 817 1418 853 1.
1450 812 1575 854 Flor.·

201 898 219 919 c
251 889 341 919 ante
370 880 515 918 duobus
546 894 624 917 om.
656 878 781 918 Amb.
806 884 842 918 1.
886 896 911 918 a
941 879 1087 918 duobus
1125 879 1232 919 Flor.
1295 879 1559 934 [Spalding.‚

115 963 187 987 sua
223 957 317 987 nota
359 948 407 985 de
447 945 692 996 Quintiliani
730 949 857 985 verbis
893 946 1090 1001 simplices
1115 971 1171 976 —
1203 957 1384 986 constant
1416 948 1560 998 deleta,

115 1016 219 1054 hauc
251 1016 560 1067 explicationem
589 1029 609 1051 a
639 1011 721 1053 Ioa.
746 1012 871 1054 Gottl.
895 1013 1142 1053 Schneidero
1173 1012 1334 1054 Saxone
1357 1023 1562 1068 acceptam

115 1085 322 1135 probavit:
369 1084 432 1130 ‚‚i.
457 1096 491 1120 e.
521 1084 719 1134 simplices
751 1097 864 1121 voces
894 1084 1090 1134 positione
1119 1097 1191 1121 sua
1219 1085 1346 1135 prima
1366 1091 1561 1134 constant,

117 1158 275 1188 servant
306 1163 414 1197 eam,
462 1163 536 1186 nec
565 1157 610 1187 ut
640 1152 880 1201 compositae
907 1157 1089 1199 mutant,
1130 1158 1176 1188 ut
1206 1152 1562 1202 praepositionibus

117 1218 374 1265 subjunctae:
418 1216 561 1254 deinde
581 1225 725 1255 natura
743 1230 813 1255 sua
836 1224 1018 1255 constant
1037 1230 1112 1254 nec
1134 1226 1444 1269 corrumpuntur
1465 1232 1565 1256 con-

117 1285 274 1334 junctae
315 1297 407 1321 cum
446 1286 531 1322 aliis
567 1299 641 1322 neo
674 1285 914 1323 evalescunt.
973 1280 1116 1337 Itaque
1143 1286 1283 1323 malim
1309 1287 1502 1338 positione
1531 1295 1567 1323 et

120 1360 261 1388 natura
290 1364 373 1389 sua.
391 1351 417 1370 “
481 1348 587 1388 Mihi
624 1352 789 1404 quidem
816 1350 923 1389 nihil
949 1350 991 1388 h.
1021 1353 1050 1390 l.
1083 1352 1364 1403 corrigendum
1392 1352 1564 1403 Videtur,

118 1432 232 1456 voces
264 1426 441 1456 constant
474 1418 584 1455 aliud
614 1418 719 1456 nihil
751 1426 831 1468 est,
872 1420 951 1456 nisi
980 1428 1087 1467 sunt,
1127 1421 1214 1470 vel,
1253 1428 1299 1458 ut
1317 1421 1567 1472 grammatici

118 1487 243 1522 nostri
270 1486 511 1537 loquuntur,
553 1495 677 1532 siant,
717 1488 818 1524 sicut
845 1494 962 1524 natae
993 1485 1132 1536 suun]

207 1552 529 1604 [imperterritus.
596 1551 657 1591 Cf.
698 1555 821 1605 praef.
864 1552 961 1592 Vol.
989 1549 1010 1590 Ι
1038 1567 1128 1606 pag.
1153 1551 1395 1604 LXXVI.]

234 1619 270 1668 §.
305 1622 369 1657 66.
432 1618 586 1671 linguae
623 1635 698 1658 non
735 1624 869 1674 utique
899 1620 1006 1661 Flor.
1140 1623 1438 1660 concesserimus
1467 1621 1565 1662 Tur.

120 1685 225 1724 Flor.
269 1684 409 1738 Camp.

237 1754 272 1803 §.
307 1758 372 1793 67.
433 1753 688 1793 Solitaurilia
715 1780 771 1785 —-
802 1755 1107 1795 suovetaurilia.
1165 1754 1302 1795 Priore
1330 1757 1419 1794 loco
1449 1759 1572 1795 etiam

125 1837 145 1858 e
183 1824 324 1860 nostris
363 1822 478 1861 codd.
517 1824 654 1861 nullus
691 1832 748 1861 est
788 1826 858 1877 qui
897 1834 1115 1862 suovetaur.
1147 1823 1315 1873 habeat3
1356 1825 1570 1875 posteriore

124 1888 396 1927 sueverant-ilia
419 1890 514 1929 dant
536 1893 656 1928 etiam
676 1889 782 1929 Flor.
803 1889 928 1929 Amb.
943 1896 980 1930 2.
993 1889 1083 1930 Par.
1100 1895 1135 1929 1.
1152 1894 1189 1929 6.
1209 1924 1211 1928 ⁴
1250 1906 1326 1927 sus.
1342 1889 1574 1929 obitaur·ilia

123 1954 250 1996 Amb.
277 1962 312 1996 1.
371 1973 450 1994 csse
478 1973 543 1994 sue
573 1973 641 1995 ove
670 1967 782 1995 tauro
817 1956 957 2009 Camp.
992 1956 1082 1996 l'ar.
1105 1962 1143 1996 2.
1178 1957 1251 2010 (ut
1280 1954 1432 2008 Goth.)
1495 1954 1573 2009 [In

125 2022 353 2076 Spaldingii
391 2033 486 2063 nota
526 2027 660 2062 critica
701 2024 981 2074 corrigendum
1012 2032 1068 2061 est
1097 2038 1248 2061 nomen
1281 2021 1439 2062 Valerii
1467 2024 1574 2076 apud

127 2089 366 2131 Charisium.
425 2091 496 2131 Est
524 2095 592 2130 ille
626 2089 795 2142 Valgius
818 2088 971 2129 Charis.
997 2105 1035 2142 p.
1061 2091 1113 2129 84
1144 2088 1345 2140 Putsch.]
1436 2100 1571 2130 strum.

126 2157 205 2198 vicl.
250 2157 354 2197 Flor.
417 2159 566 2212 [Nerei
594 2158 696 2197 illud
722 2173 839 2211 pecus
869 2171 951 2194 non
984 2172 1064 2195 esse
1090 2157 1262 2211 phocas,
1311 2158 1381 2196 sed
1412 2158 1573 2210 delphi-

126 2238 220 2274 nos,
260 2228 432 2265 simones
470 2230 590 2265 etiam
621 2242 641 2264 a
673 2226 848 2279 repando
878 2234 1001 2264 rostro
1031 2225 1177 2276 dictos,
1215 2225 1422 2264 adnotavit
1453 2223 1574 2277 Spal-

132 2292 287 2344 dingius
322 2309 373 2332 ex
402 2292 639 2334 Schneideri
672 2291 992 2342 observatione]

246 2362 282 2409 §.
318 2363 382 2400 68.
442 2364 603 2414 integris
640 2361 801 2400 Latinis
838 2359 946 2399 Flor.
1064 2375 1118 2398 ea·
1160 2368 1250 2399 ante
1290 2358 1438 2398 duobus
1468 2375 1572 2400 corr.

132 2430 259 2466 omitt.
290 2426 388 2467 Tur.
419 2428 546 2468 Amb.
575 2433 611 2468 1.
646 2426 780 2468 Guelf.
812 2435 852 2467 et
881 2428 971 2466 edd.
1004 2435 1096 2465 aute
1127 2426 1272 2478 Smer„
1305 2441 1390 2465 exo.
1415 2425 1573 2479 Camp.,

131 2497 164 2532 si
195 2495 242 2532 de
272 2494 347 2532 hac
373 2505 478 2534 recte
496 2498 621 2534 tacuit
642 2494 780 2548 Spald.
893 2494 1113 2549 peclissecus
1134 2493 1269 2533 Turio.
1294 2493 1400 2533 Flor.
1427 2492 1573 2546 Camp-

135 2558 270 2600 Guelf.
325 2561 523 2613 pe‹lisecus
553 2561 669 2601 Alm.
785 2572 852 2601 aut
884 2571 1034 2601 contra.
1095 2571 1163 2599 aut
1192 2564 1320 2600 omitt.
1343 2560 1442 2600 Tur.
1467 2559 1575 2599 Flor.

136 2627 263 2667 Amb.
288 2633 326 2667 2.
352 2625 474 2667 Goth.
497 2627 630 2669 Guelf.
655 2628 795 2684 Camp.
817 2638 857 2670 et
879 2637 971 2669 cett.
995 2628 1085 2669 edd.
1117 2636 1209 2668 ante
1237 2626 1339 2668 Bad.
1455 2626 1578 2667 Anti-
