1721 2974
399 202 454 244 (ul
484 201 656 257 Quintil.
685 200 820 241 Instsi.
849 196 886 248 1,
918 201 954 240 5.
989 197 1025 249 §.
1059 196 1260 238 64-72,
1503 197 1552 235 41

112 328 228 370 ca105
267 327 335 358 aut
365 332 433 358 ex.
483 315 621 357 Turio.
665 330 687 355 a
721 330 781 369 pr.
819 327 876 353 m.
916 311 1015 351 Ant.
1048 309 1190 365 aliquit
1219 307 1349 363 (corr.
1380 305 1559 362 aliquid)

111 397 149 425 et
178 402 248 427 ex.
307 383 464 440 aliquid
506 384 604 424 dant
643 386 765 423 etiam
792 378 918 422 Amb.
954 383 992 419 1.
1032 377 1151 418 Voss.
1178 382 1215 417 1.
1241 382 1280 417 3.
1315 375 1448 428 Flor.,
1490 377 1562 430 qui

110 462 316 507 praeterea
345 463 382 492 et
409 467 465 491 ex
493 452 660 491 habent.
720 460 787 489 aut
817 459 852 488 et
879 463 934 487 ex
962 445 1079 487 Ahn.
1142 445 1278 499 [Hinc
1307 446 1431 498 possis
1469 445 1560 483 sort.

110 523 167 560 ita
213 524 352 561 locum
400 521 618 572 refingere:
672 518 823 574 aliquot
864 528 899 556 et
937 531 1015 566 ex,
1066 516 1132 553 vel
1175 511 1381 567 aliquoties
1426 527 1480 550 eae
1520 510 1560 551 cl.

111 587 267 639 Sand]
384 588 447 641 epi
479 589 724 641 praepositio
764 585 891 626 Amb.
923 589 989 635 1.‚
1036 591 1080 621 ut
1109 583 1210 621 solet
1241 578 1418 632 Quintil.
1448 593 1564 618 voces

110 657 322 695 collocare.
440 652 504 693 ἐπὶ
545 657 674 695 omitt.
715 653 852 693 Turio.
893 649 994 707 (qui
1021 653 1066 689 in
1093 664 1218 701 marg.
1249 658 1387 688 tamen
1414 645 1563 702 habet)

109 720 218 762 Flor.
249 721 375 762 Amb.
397 728 462 773 2.,
516 722 627 775 quod
667 724 789 761 etiam
825 722 969 758 melius
1000 727 1070 758 est.
1186 733 1306 770 neque
1338 715 1477 756 Graec.
1510 739 1568 746 —-

111 806 232 844 neque
264 788 312 829 G.
345 789 484 829 Turio.
514 787 623 828 Flor.
653 786 768 826 Alm.
792 784 919 826 Amb.
942 790 979 825 1.
1012 783 1146 825 Guelf.
1180 782 1321 837 Camp.
1436 783 1566 822 alieno

35 889 38 892 Δ
110 866 188 895 utr.
220 854 355 896 Guelf,
389 854 532 908 Camp.
558 864 597 894 et
616 854 707 892 edd.
735 856 889 908 aliquot
907 861 1072 893 recentt.
1086 883 1098 903 ,
1129 867 1150 890 e
1169 853 1313 906 quibus
1334 860 1391 891 est
1407 849 1565 901 Burm„

112 925 205 964 fort.
238 922 376 964 Turio.
436 933 514 963 utr.
547 921 602 962 al.
642 919 762 962 Gesn.
803 929 843 961 et
882 921 972 961 edd.
1010 929 1108 961 vett.
1140 928 1232 961 ante
1263 917 1443 973 Gryph.,
1484 935 1566 959 acc.

111 988 220 1032 Flor.
1232 988 1235 991 ’

227 1095 264 1145 §.
307 1096 374 1133 69.
444 1090 656 1147 copulatio.
726 1093 961 1146 compositio
1000 1087 1129 1130 Amb.
1160 1094 1197 1130 1.
1240 1104 1291 1128 ex
1329 1087 1570 1143 interpreta—

113 1168 267 1200 mento.
369 1176 455 1214 cop.
487 1176 605 1214 quoq.
637 1158 746 1200 Flor.
778 1162 897 1198 male.
997 1175 1017 1196 e
1046 1175 1086 1197 re
1110 1156 1272 1212 publica
1302 1160 1421 1196 eliam
1440 1156 1567 1200 Amb.

114 1233 155 1269 2.
188 1225 341 1282 (Amb.
367 1233 429 1279 1.‚
472 1230 713 1267 conferentis
743 1229 921 1280 profecto
950 1229 1218 1280 negligentia,
1257 1223 1439 1280 siletur.)
1477 1225 1569 1267 Par.

119 1299 156 1334 1.
179 1300 220 1335 2.
248 1299 284 1335 6.
326 1293 481 1348 (codd.
518 1301 614 1336 1.2.
637 1300 675 1335 3.
699 1299 737 1336 5.
777 1294 943 1335 l’ottier.
984 1298 1030 1334 in
1069 1291 1194 1349 edit.)
1265 1310 1319 1333 re.
1357 1311 1399 1348 p.
1433 1309 1512 1334 om.
1553 1312 1572 1335 e

117 1359 259 1416 Camp.
320 1373 375 1401 est
402 1362 606 1418 republica
635 1362 771 1403 Turio.
802 1361 909 1402 Flor.

229 1466 266 1516 §.
294 1467 362 1503 70.
422 1461 701 1517 κυρταὺχενας
754 1463 832 1503 hoc
871 1472 1078 1516 corrupte,
1130 1471 1170 1501 et
1202 1464 1355 1513 solent,
1393 1467 1574 1506 scribunt

115 1531 260 1584 codd.;
315 1529 555 1583 κοιλαύχενα
593 1530 702 1572 Flor.
746 1547 770 1571 a
798 1547 877 1572 sec.
916 1547 975 1572 m.
1035 1528 1349 1583 [Spaldinqus:
1380 1526 1576 1586 ὗψαύχην

117 1599 227 1652 apud
263 1598 367 1639 Plat.
395 1598 568 1639 Phaedr.
601 1604 684 1641 253
725 1600 781 1652 d.,
819 1595 1101 1655 κρατεραύχην
1145 1600 1202 1637 ib.
1245 1596 1312 1648 e.]
1436 1603 1579 1640 mirati

115 1669 236 1706 simus
264 1666 392 1708 Amb.
427 1672 464 1708 1.
1388 1672 1393 1676 '

234 1771 272 1820 §.
312 1774 381 1811 71.
447 1772 631 1825 primum.
692 1772 826 1825 primo
867 1767 1006 1809 Turio.
1044 1768 1154 1810 Flor.
1193 1767 1322 1809 Amb.
1358 1774 1394 1808 1.
1439 1768 1575 1813 Guelf.

117 1836 228 1878 Jens.
269 1846 309 1878 et
344 1838 434 1878 edd.
474 1848 639 1892 posterr,
682 1847 775 1878 ante
815 1836 928 1878 Sich.
973 1836 988 1890 (
1000 1853 1086 1876 exc.
1126 1836 1266 1891 Ven.)
1393 1842 1576 1879 orationi.

118 1908 277 1945 oratori
324 1906 414 1945 edd.
463 1916 556 1946 ante
607 1904 764 1960 Gryph.
810 1904 924 1959 (exc.
968 1904 1169 1960 Camp.),
1219 1907 1330 1957 cod.‚
1378 1917 1579 1962 quantum

118 1974 262 2025 video,
307 1976 458 2014 nullus.
564 1974 795 2029 =repucliata.
867 1976 906 2012 si
943 1973 1077 2028 repud.
1116 1973 1244 2014 Amb.
1280 1979 1317 2013 1.
1357 1973 1465 2015 Flor.

120 2039 230 2080 Nam
264 2043 300 2080 si
327 2065 384 2071 --
410 2041 647 2079 ‚Auclenclum
667 2052 795 2079 iamcn
821 2044 950 2081 olnitt.
974 2040 1110 2080 Tusic.
1133 2041 1241 2082 Flor.
1273 2042 1367 2097 (hle
1387 2045 1433 2082 iu
1451 2059 1577 2098 lnarg.

121 2108 271 2160 habet,
323 2111 372 2146 ab
408 2108 550 2147 eadem
577 2122 704 2146 manu
732 2109 944 2162 reposita).

239 2210 276 2260 §.
321 2213 389 2249 72.
458 2208 539 2247 illis
576 2209 663 2248 sim.
710 2207 820 2249 Flor.
935 2209 1014 2259 σίζε
1051 2207 1289 2263 ὀφθαλμός.
1358 2208 1420 2251 Ita
1461 2215 1582 2265 plane

122 2277 233 2319 Flor.
258 2276 396 2317 Tul-ic.
418 2274 545 2316 Amb.
571 2281 611 2315 2.
634 2273 800 2329 Camp.3
833 2275 958 2316 Amb.
986 2283 1023 2317 1.
1060 2276 1578 2322 CZEOOfflfflAAMOC.

124 2345 221 2396 σίζει
261 2341 410 2397 ἄνεμος
450 2344 540 2383 edd.
583 2351 676 2382 ante
720 2341 876 2397 Gryph.
939 2342 1109 2397 [Spald.
1149 2348 1245 2401 „1153
1277 2346 1356 2396 σίζε
1387 2352 1514 2389 utitur
1543 2359 1584 2390 et

124 2412 308 2454 Demetr.
350 2413 398 2451 de
437 2411 597 2452 Elocut.
639 2411 677 2461 §.
709 2411 787 2462 94,
838 2413 896 2466 τῷ
938 2411 1041 2465 λίγξε
1078 2411 1256 2453 Macrob.
1287 2413 1450 2457 Saturu.
1488 2423 1526 2469 6,
1557 2424 1582 2459 8

125 2498 166 2535 p.
189 2480 347 2532 613.“]
451 2479 636 2537 fortiter.
684 2478 805 2534 forle
842 2478 981 2519 Turio.
1026 2496 1048 2519 a
1077 2496 1133 2521 m.
1162 2497 1239 2521 seo.
1270 2480 1418 2524 Baliol.
1450 2483 1579 2526 Palat.

126 2548 247 2590 Bodl.
279 2547 420 2602 Camp.
454 2546 581 2599 Obr.;
625 2547 694 2586 sed
722 2545 850 2587 Amb.
877 2553 912 2586 1.
932 2546 1127 2604 fortiter,
1169 2565 1263 2589 oum
1294 2549 1432 2593 Turio.
1466 2569 1488 2593 a
1517 2570 1580 2608 pr.

129 2632 186 2656 m.
257 2615 392 2669 [Nam
430 2631 502 2670 pro
538 2618 620 2669 jam
663 2618 832 2666 conjecit
879 2614 1138 2670 Spaldingius
1185 2620 1228 2657 in
1266 2621 1391 2673 praef.
1438 2623 1532 2662 Vol.
1563 2619 1584 2662 I

129 2699 170 2738 p.
201 2681 410 2725 LXXVI.
529 2685 736 2723 niteremur
766 2681 907 2738 Camp.
