1721 2974
280 175 335 217 acl
366 175 530 229 Quintil.
561 174 691 216 Iussit.
720 173 774 224 17,
804 179 845 217 7.
875 177 910 228 ξ.
933 178 1130 216 36-37,
1175 180 1213 215 8.
1248 175 1448 225 §.1-6,
1511 181 1590 222 ‘345

249 291 284 343 §.
316 297 357 331 2.
415 290 554 345 Atqui.
613 288 750 330 Guelf.
773 306 822 329 ac
841 292 918 344 qui.
1031 305 1130 344 quae
1157 299 1257 328 conr.
1317 287 1454 331 Turlc.
1483 291 1586 332 Flor.

135 357 268 399 Guelf.
299 361 366 414 qui
395 369 496 399 cont.
610 367 754 396 tractu.
815 357 943 399 Amb.
967 363 1005 398 1.
1037 357 1145 396 Flor.
1175 368 1322 398 tracia.
1380 357 1491 400 Jens,
1523 371 1587 399 10-

134 439 211 468 cin.
328 444 409 468 orn.
442 435 756 479 argumentorum
789 441 914 480 comp.
972 425 1081 465 Flor.
1114 440 1272 480 quoque
1305 427 1481 467 mediam
1513 444 1586 468 vo—

133 511 222 535 cem
264 498 428 536 omittit.
560 492 839 546 superinducti.
914 493 1037 535 Amb.
1083 497 1120 532 1.
1157 498 1197 533 2.
1237 508 1398 548 quoque
1438 495 1588 536 inducti

131 581 259 618 super.
315 563 424 603 Flor.
455 560 624 601 inductis
652 576 776 614 super.
892 560 1011 600 latius
1043 577 1154 616 quae.
1214 559 1342 603 Amb.
1375 567 1412 602 1.
1446 562 1584 604 Guelf.

132 630 335 686 latiusque.
392 644 518 682 marg.
559 627 684 668 Basil.
727 627 845 667 latius
881 646 1011 684 quam.
1122 629 1277 669 Iisdem.
1337 627 1474 670 Guelf.
1503 631 1586 670 his-

131 697 228 737 dem.
342 700 560 737 minuimus.
618 695 747 738 Amb.
776 701 813 737 1.
847 700 1058 736 innuimus.
1172 698 1385 737 hortamur.
1444 698 1585 740 Omit-

128 774 219 805 tunt
249 763 389 819 Camp.
420 763 547 805 Gesn.

243 845 279 895 §.
311 850 351 885 3.
409 844 608 884 didicisse.
667 843 793 887 Amb.
826 850 865 885 1.
905 843 1043 885 Turio.
1084 843 1194 884 Flor.
1226 860 1250 884 a
1277 860 1336 898 pr.
1364 860 1422 885 m.
1464 844 1582 887 Alm.

127 910 289 951 dedisse.
399 923 526 967 putat.
583 913 713 955 Amb.
759 918 796 953 1.
841 928 863 952 a
892 928 972 953 sec.
1002 928 1058 953 m.
1100 911 1238 952 Turio.
1268 912 1378 953 Flor.
1405 924 1581 968 putatur.

82 975 87 980 “
126 977 246 1022 Alm.
274 991 466 1035 putatum.
550 984 657 1022 omni
682 980 792 1022 Flor.
821 980 857 1024 P
858 996 913 1022 ar.
938 985 977 1021 1.
1009 983 1213 1029 omittunt,
1244 984 1421 1022 verisim.
1453 979 1583 1023 Amb.

128 1051 165 1087 1.
185 1053 226 1089 2.
251 1052 394 1090 omnis-

239 1128 277 1178 §.
308 1128 350 1168 4.
406 1130 643 1183 partiamur.
702 1128 771 1169 Sic
792 1131 915 1168 etiam
945 1126 1075 1170 Amb.
1099 1132 1136 1168 1.
1166 1126 1272 1166 Flor.
1308 1126 1451 1183 Camp.
1505 1146 1583 1183 pa·-

126 1197 209 1234 n'or
246 1194 377 1237 Amb.
409 1203 447 1237 2.
504 1199 665 1251 partiar·
702 1195 805 1237 Bad.
849 1196 1004 1238 Cervic.
1046 1194 1177 1237 Colin.
1224 1193 1380 1249 Gry-ph.
1495 1214 1583 1239 reor

125 1280 217 1304 esse.
275 1263 405 1306 Amb.
428 1270 465 1305 1.
494 1275 550 1303 est
580 1282 670 1304 esse.
726 1264 836 1305 Flor.
870 1282 951 1304 esse
981 1280 1080 1303 reor.
1137 1262 1248 1304 Sich.
1277 1278 1359 1304 om.
1390 1281 1483 1306 esse.

122 1332 278 1386 probat.
306 1350 397 1386 gen.
445 1331 555 1373 Jens.
587 1342 627 1373 et
657 1334 745 1373 edd.
777 1341 870 1373 ante
902 1331 1060 1386 Gryph.
1090 1348 1131 1385 g.
1157 1349 1221 1386 pr.
1338 1349 1455 1387 neque
1482 1333 1582 1375 ulla.

125 1398 193 1439 Sic
224 1403 347 1440 etiam
378 1398 509 1442 Amb.
530 1407 566 1442 1.
585 1408 625 1442 2.
658 1401 772 1442 Sich.
888 1403 1064 1456 quaestio
1104 1411 1161 1439 est
1190 1417 1299 1455 quae.
1357 1400 1426 1441 Sic
1458 1404 1580 1443 etiam

123 1465 231 1508 Flor.
267 1468 357 1509 Par.
388 1474 426 1509 1.
544 1487 661 1525 neque
697 1487 789 1510 esse.
845 1468 913 1510 Sic
944 1472 1068 1509 etiam
1100 1467 1227 1511 Amb.
1265 1474 1302 1509 1.
1336 1474 1377 1510 2.
1492 1469 1580 1510 locri.

123 1535 252 1577 Amb.
278 1542 314 1577 1.
335 1543 372 1578 2.
401 1537 511 1578 Flor.
543 1537 641 1578 loco.
757 1541 798 1577 in
828 1540 892 1577 cis.
953 1536 1096 1591 Camp.
1127 1536 1239 1578 Sich.
1269 1539 1309 1576 ἰη
1333 1537 1408 1577 his.
1466 1536 1577 1579 Jens.

122 1602 222 1646 Loc.
253 1604 359 1645 Ven.
391 1609 594 1646 omittunt.

236 1697 272 1746 §.
303 1700 343 1737 5.
403 1714 473 1736 nec
502 1697 586 1736 ulla
615 1698 874 1752 corfirmaiz'o.
933 1693 1062 1737 Amb.
1099 1699 1137 1735 1.
1172 1711 1293 1749 neque
1327 1694 1402 1735 illa
1432 1712 1502 1736 con
1538 1714 1579 1735 r·-

121 1767 236 1802 mari.
295 1764 328 1803 F
330 1768 399 1804 lor.
433 1781 455 1805 a
472 1782 532 1818 pr.
552 1781 622 1805 111.-
641 1782 709 1805 nec
739 1763 824 1804 ulla
852 1766 1096 1819 confirmari.
1154 1762 1281 1804 Amb.
1302 1769 1347 1804 ,Ἦ
1370 1763 1482 1805 Sich.
1512 1782 1577 1804 ne-

121 1847 192 1883 que
220 1831 292 1871 illa
331 1836 591 1888 confir-matio.
706 1843 774 1873 aut
814 1848 872 1872 ex
911 1849 1062 1887 conseq.
1120 1829 1190 1872 Sic
1219 1834 1343 1871 etiam
1375 1821 1503 1874 Am'b.
1541 1839 1576 1873 1.

120 1897 227 1937 Flor.
265 1899 356 1939 Par.
392 1906 427 1940 1.
458 1906 498 1940 2.
532 1905 571 1940 5.
634 1899 697 1941 At
727 1899 864 1940 Turio.
895 1915 918 1940 a
951 1916 1018 1954 pr.
1047 1915 1103 1940 m.
1146 1898 1277 1941 Amb.
1309 1905 1350 1940 2.
1382 1904 1576 1942 omittunt

121 1982 188 2004 cnr.
302 1983 357 2006 em
395 1969 696 2022 repugnantibus
743 1967 882 2008 Turio.
924 1983 947 2007 a
984 1984 1044 2021 pr.
1084 1983 1138 2006 m.
1185 1965 1323 2008 Guelf.
1370 1967 1494 2010 Amb.
1533 1975 1574 2010 2·

120 2033 244 2075 Bern.
288 2033 414 2075 Goth.
455 2034 558 2075 Bad,
601 2044 640 2074 et
679 2036 770 2075 edd.
812 2044 905 2074 ante
938 2034 1108 2076 Chouet.
1167 2050 1224 2074 ex
1252 2038 1398 2076 omittit
1429 2035 1571 2091 Camp.

206 2103 301 2143 haec
340 2120 421 2143 nee.
487 2100 624 2142 Guelf.
665 2102 785 2142 Voss.
827 2108 865 2143 1.
906 2103 1018 2143 Jens.
1059 2111 1099 2141 et
1137 2103 1227 2142 edd.
1267 2103 1319 2141 ad
1358 2102 1459 2144 Ald.
1498 2103 1573 2145 lzoc

120 2188 200 2212 nec.
315 2173 501 2226 sequenti.
558 2169 691 2210 Etiam
715 2169 843 2210 Aan.
877 2175 914 2210 1.
945 2176 983 2210 2.
1013 2169 1122 2210 Flor.
1153 2171 1481 2225 consequentibuS.

119 2257 174 2281 ex
201 2240 298 2281 alia.
357 2241 486 2283 Amb.
512 2244 546 2279 1.
575 2237 685 2281 Elor-
715 2253 878 2293 quoque
909 2254 964 2276 ex
994 2238 1077 2279 illa.

231 2333 266 2384 §.
300 2335 337 2370 6.
398 2331 640 2385 reperiuntur
669 2338 735 2368 aut
765 2330 817 2368 in.
875 2326 1005 2370 Amb.
1033 2332 1070 2367 1.
1094 2342 1191 2381 apr.
1212 2343 1268 2369 m.
1301 2327 1438 2370 Turio.
1457 2329 1566 2371 Flor.

0 2405 3 2413 '
41 2420 45 2434 ⁴-
120 2415 141 2439 ἃ
172 2415 232 2453 pr.
267 2414 323 2439 m.
354 2397 469 2441 Ahn.
500 2396 736 2452 repelluntur
771 2406 840 2436 aut
869 2399 988 2435 eiiam
1018 2398 1070 2435 in.
1128 2396 1259 2438 Amb.
1284 2403 1321 2438 1.
1350 2412 1373 2437 a
1400 2413 1479 2438 see.
1508 2414 1567 2439 m.

0 2444 4 2482 Ι

0 2512 5 2550 1

0 2595 6 2619 S

121 2467 362 2523 refelluntur.
477 2468 595 2505 eiiam
623 2481 750 2519 separ.
809 2464 936 2506 Amb.
969 2468 1005 2503 1.
1036 2479 1058 2503 a
1090 2480 1169 2505 sec.
1196 2481 1251 2504 m.
1282 2465 1420 2506 Turio.
1450 2465 1566 2508 Alm.

42 2555 44 2560 v
117 2537 256 2574 insert.
276 2545 375 2575 sunt.
484 2550 638 2590 person.
675 2534 853 2587 spectari.
902 2530 1028 2571 Amb.
1057 2537 1094 2572 1.
1120 2548 1143 2571 a
1162 2549 1239 2573 sec.
1259 2549 1315 2574 m.
1355 2536 1474 2574 inser.
1497 2552 1562 2590 qq.

203 2613 270 2641 ant
296 2605 339 2641 in
363 2606 465 2657 ipsa.
525 2601 652 2642 Amb.
683 2606 725 2641 1„
753 2599 886 2640 Turio.
917 2603 1048 2640 omitt.
1081 2602 1132 2641 in.
1233 2617 1310 2641 non
1339 2617 1394 2641 ea·
1425 2600 1560 2644 Guelf.

44 2667 60 2710 8:
119 2669 245 2710 Amb.
271 2676 309 2710 2.
343 2673 547 2711 omittunt.
666 2669 771 2710 aliae
791 2669 932 2709 crcdib.
979 2666 1114 2710 Guelf.
1145 2666 1267 2710 Amb.
1289 2675 1328 2710 2.
1357 2672 1560 2711 omittunt.
