1721 2974
196 178 273 215 196
621 168 894 224 Supplcmenta
935 169 1199 206 annotationis

193 288 449 328 vocabulum.
542 283 732 322 videntur.
783 278 921 332 Camp.
953 277 1162 319 videretur.
1267 295 1314 318 ac
1334 279 1457 335 vocis.
1506 279 1633 321 Amb.

197 359 235 394 1.
257 360 296 394 2.
328 352 435 392 Flor.
469 349 603 391 Guelf.
637 348 758 389 Goth.
787 344 882 400 (tac.
916 344 1057 398 Gesn.)
1087 345 1188 386 Ald.
1221 356 1269 386 et.
1403 346 1634 400 quotidiani.

195 421 331 461 Turio.
375 418 499 458 Amb.
532 425 571 457 2.
606 414 808 455 cotidmni.
871 412 1010 465 Camp.
1051 412 1152 452 Bad.
1182 412 1431 467 quottidiani.
1478 436 1481 439 -
1575 417 1637 452 in-

196 487 412 527 doctorum.
481 484 547 524 Sic
578 485 698 521 etiam
735 480 859 519 Amb.
895 485 932 519 1.
974 479 1080 520 Flor.
1209 480 1382 519 cademis
1419 481 1636 520 aestimant.

198 554 322 595 Goth.
352 553 470 592 Voss.
493 558 532 590 2.
564 548 694 598 Al1n.,
725 557 764 586 et
784 556 939 600 praeter
962 547 1052 586 edd.
1084 556 1176 586 ante
1208 546 1320 586 Sich.
1353 549 1474 586 etiam
1505 545 1636 587 Colin.

194 625 331 660 iuserr.
365 637 455 657 csse.
551 626 805 655 contemnunt.
866 614 1004 667 Camp.
1039 624 1319 668 contempnunt.
1425 616 1550 652 minus
1575 629 1640 651 ve·-

197 688 281 728 lint.
315 686 437 726 Goth.
473 682 567 737 (tac.
601 680 742 734 Gesn.)
783 691 822 721 et
862 683 953 720 edd.
998 691 1088 720 ame
1121 680 1252 721 Colin.
1292 682 1432 720 ordine
1471 669 1637 719 mutato.

309 769 359 791 an
386 754 550 805 possint.
609 747 709 788 Loc.
734 748 843 788 Ven.
877 765 923 788 ac
949 752 1113 802 possint.

308 823 344 871 §.
367 823 433 858 38.
472 817 604 870 Neque
625 819 736 856 enim.
785 814 907 855 Goth.
934 816 1024 864 (fac.
1048 812 1189 869 Gesn.)
1213 832 1280 855 nec
1301 817 1412 855 enim.
1503 824 1643 853 cuncta

199 887 366 940 experti.
414 899 537 937 marg.
587 883 725 936 Steph.
755 881 853 922 Bad.
886 881 1032 922 Cervic.
1065 893 1204 921 coacta
1233 885 1400 937 experti.
1458 880 1583 921 Amb.
1603 887 1642 921 2.

201 953 322 994 Goth.
365 950 481 991 Voss.
514 957 550 991 ’1.
593 954 722 990 omitt.
752 960 904 989 cuncta.
1048 953 1251 1002 reperient.
1308 948 1434 989 Amb.
1468 955 1506 988 2.
1554 965 1642 1001 rep-

195 1023 358 1075 perient.
409 1017 510 1059 Ald.
543 1020 763 1073 reperirent.
858 1016 1031 1056 dicturos
1046 1016 1191 1072 sitisse.
1223 1015 1402 1057 Alnb.1.
1429 1019 1642 1056 verborum

199 1090 297 1128 serie
326 1095 493 1126 mutata.
592 1085 659 1124 secl
685 1101 791 1124 vcra.
824 1083 977 1138 Grypll.
1010 1100 1102 1123 cum
1132 1085 1222 1123 edd.
1253 1099 1316 1136 ap.
1347 1083 1486 1123 Burm.
1519 1087 1638 1123 inser.

200 1171 281 1195 nec.
390 1153 503 1193 (licit.
548 1153 655 1193 Jens.
688 1153 849 1191 (licitur.
954 1149 1119 1191 vitietur.
1180 1149 1313 1191 Guelf.
1341 1151 1547 1204 judicetur.

200 1238 294 1260 vera
323 1221 466 1260 dicere.
497 1220 605 1260 Flor.
638 1235 799 1274 quoque
829 1235 916 1257 vere
945 1218 1022 1258 dic.

315 1292 350 1341 §.
384 1293 450 1328 39.
510 1287 570 1327 At
600 1304 712 1326 nunc.
770 1285 924 1340 Gryph.
955 1286 1022 1325 Ac
1050 1301 1161 1324 nunc.
1263 1287 1385 1326 nacti.
1441 1285 1576 1326 Turio.
1605 1296 1644 1326 et

201 1356 331 1403 Flor.,
381 1365 547 1410 uterque
595 1371 617 1393 a
657 1371 715 1407 pr.
758 1370 813 1392 111.
860 1356 995 1404 nanti,
1043 1352 1177 1392 Turio.
1216 1367 1238 1391 a
1281 1368 1358 1392 sec.
1399 1369 1453 1394 m.
1493 1364 1640 1394 nantcr.

316 1423 529 1462 brachium.
569 1420 689 1461 Amb.
712 1427 751 1461 2.
809 1421 1046 1460 bracchium.
1155 1419 1303 1460 deinde.
1364 1419 1503 1474 Camp,
1534 1421 1644 1460 deni-

205 1508 288 1545 que.
409 1489 512 1542 quod
542 1493 608 1528 sit.
671 1487 809 1540 Camp.
842 1488 945 1542 quod
969 1491 1033 1542 fit.
1121 1487 1216 1526 hacc
1246 1491 1483 1528 omittamus.
1515 1487 1642 1529 Amb.

206 1563 244 1598 2.
275 1555 409 1596 Guelf.
441 1555 557 1595 Voss.
590 1571 698 1594 omn.
732 1563 771 1594 et
800 1555 889 1594 edd.
931 1564 1022 1594 ante
1059 1553 1190 1595 Coun.
1233 1570 1255 1594 a
1283 1555 1390 1596 Jens.
1437 1557 1531 1595 inde
1571 1556 1645 1596 Ῐιοο

208 1626 329 1663 omitt.
456 1621 730 1676 praecipiendo
780 1632 898 1660 recta.
946 1621 1080 1661 Turio.
1121 1636 1142 1659 a
1181 1638 1240 1674 pr.
1284 1638 1339 1662 m.
1380 1623 1488 1663 Flor.
1525 1638 1547 1662 a
1582 1639 1641 1676 pr.

206 1707 260 1730 111.
290 1689 538 1744 percipienda
568 1699 694 1736 recta,
733 1703 756 1727 a
784 1704 861 1728 sec.
900 1703 956 1727 111.
995 1689 1242 1742 percipiendo
1275 1706 1306 1728 ν.
1367 1688 1500 1730 Guelf.
1528 1707 1646 1744 prae-—

208 1761 284 1812 cip.
329 1767 441 1796 recte.
566 1756 736 1811 offensae
777 1754 1095 1809 reprehendendo.
1165 1753 1289 1795 Amb.
1320 1762 1360 1796 2.
1403 1758 1548 1811 qff'ense
1585 1775 1647 1795 rc-

204 1823 440 1880 prendendo.

321 1895 356 1945 §.
389 1891 458 1930 40.
518 1888 776 1929 reciderimus.
846 1886 980 1929 Guelf.
1013 1904 1036 1928 a
1061 1905 1139 1930 sec.
1170 1904 1226 1929 m.
1258 1889 1524 1932 recidet-emus.

211 1975 278 1998 nec
319 1958 544 2011 cognitioni.
610 1953 732 1995 Amb.
763 1960 799 1996 1.
824 1961 864 1996 2.
904 1954 1036 1995 Guelf.
1078 1955 1218 2009 Camp.
1261 1973 1376 2011 neque
1413 1961 1644 2011 cognitioni.

267 2024 404 2065 Turic-
434 2023 539 2063 Flor.
561 2038 583 2062 a
603 2039 661 2075 pr.
673 2038 728 2062 m.
753 2038 868 2076 neque
889 2025 1134 2075 cogitationi.
1229 2040 1298 2063 nec
1317 2024 1499 2065 utilitati.
1523 2024 1645 2065 Amb.

215 2098 252 2133 1.
283 2098 322 2133 2.
356 2091 492 2131 Turic.
523 2088 657 2130 Guelf.
693 2088 832 2142 Camp.
866 2106 981 2143 neque
1007 2089 1094 2131 util.
1208 2090 1450 2130 detrahatur.
1510 2091 1645 2133 Guelf.

214 2174 236 2199 a
265 2175 323 2212 pr.
353 2174 408 2198 m.
440 2157 669 2196 detrahitur.
730 2155 868 2210 Camp.
908 2156 1174 2196 subtrahatur.

326 2230 361 2278 §.
394 2226 460 2264 41.
519 2241 598 2263 esse
624 2223 827 2278 quaedam.
857 2221 978 2263 Amb.
1003 2228 1039 2264 1.
1068 2223 1205 2265 Turio.
1234 2224 1341 2266 Flor.
1374 2224 1506 2266 Guelf.
1540 2227 1648 2266 ordi-—

213 2308 308 2332 nem
338 2300 506 2331 mutant.
594 2293 635 2330 in
652 2301 821 2345 portum.
871 2289 1005 2331 Guelf.
1035 2293 1075 2329 in
1096 2303 1225 2345 portu.
1317 2295 1459 2332 navim.
1507 2292 1646 2335 Turio.

215 2359 321 2400 Flor.
350 2357 484 2399 Guelf.
511 2357 648 2411 Camp.
678 2374 824 2397 navem.
917 2360 1057 2411 pretio.
1104 2357 1226 2400 Amb.
1251 2366 1289 2400 2.
1319 2362 1483 2412 praetio.
1534 2360 1644 2401 Ven.

212 2430 384 2480 praecio.
443 2444 447 2450 ·
528 2428 715 2465 convenit.
772 2424 839 2465 Sic
867 2427 987 2464 etiam
1017 2425 1134 2466 Voss.
1167 2431 1203 2465 1.
1236 2433 1274 2468 3.
1307 2421 1397 2465 Par.
1424 2433 1462 2467 2.
1495 2432 1534 2467 3.

216 2510 338 2532 oram.
397 2492 496 2533 Bad.
527 2510 622 2543 orci,
664 2493 773 2547 quod
808 2495 975 2543 conjecit
1011 2491 1199 2531 Philand.
1315 2493 1488 2549 profecti
1526 2498 1647 2535 etiam

218 2561 312 2599 dant
350 2558 471 2601 Amb.
503 2565 539 2600 1.
580 2560 685 2600 Flor.
728 2559 844 2600 Voss.
874 2564 910 2598 1.
944 2564 984 2599 3.
1020 2558 1110 2600 Par.
1145 2564 1180 2599 1.
1212 2565 1251 2599 2.
1282 2564 1322 2600 3.
1365 2569 1404 2601 et
1442 2578 1493 2601 ex
1533 2564 1645 2602 editt.

219 2625 370 2668 Cervic.
503 2627 585 2667 dici
621 2626 797 2667 celerius.
837 2625 960 2667 Goth.
1007 2630 1125 2668 vertit
1164 2628 1359 2668 ordinem.
1483 2631 1644 2684 quoties.
