1721 2974
2 1814 11 1830 ρ
6 1776 11 1790 „A
0 1658 12 1767 ⁴..fixae2s-r-
3 1638 6 1644 ·

406 203 461 246 013
491 201 655 258 Quintil.
683 199 813 244 Iastia.
843 198 880 255 1,
911 206 977 242 10.
1018 201 1052 256 ς.
1081 206 1250 243 2-17,
1499 209 1551 247 59

220 319 254 372 ξ.
283 323 325 360 7.
394 315 670 358 immutabilem
705 315 825 357 Voss.
856 319 896 356 3.
934 313 1043 356 Jens.
1081 313 1204 358 Tarv.
1244 314 1354 357 Ven.
1419 319 1554 358 inmun.

107 384 247 426 Turic.
361 385 530 424 humana
557 386 707 423 rarione
733 382 870 424 Turio.
905 397 928 422 a
953 398 1032 423 seo.
1053 398 1110 424 m.
1141 382 1277 438 (prius
1306 392 1389 425 erat
1417 385 1557 424 huma-

107 469 181 492 nae
211 452 382 507 ratione)
410 451 531 493 Bodl.
560 450 675 492 Ahn.
706 449 847 505 Camp.
878 449 1004 500 obn,
1045 460 1245 505 receptam
1268 460 1402 491 tuetur
1429 451 1556 494 Amb.

111 526 154 562 1.
247 531 357 574 egeat
386 519 513 560 Amb.
539 523 575 559 1.
673 518 877 559 ostendant
903 542 960 550 -—
983 517 1192 575 proferant
1222 518 1362 574 Camp.
1455 523 1558 561 taci-

109 599 197 640 tae‚·
235 590 292 628 ita
327 590 447 627 etiam
476 586 616 627 Turio.
645 584 774 627 Amb.
795 592 837 628 2.
867 584 980 627 Sioh.
1011 586 1112 627 Vid.

223 658 256 710 ξ.
286 660 328 696 8.
387 665 428 696 at
465 670 549 708 ego.
609 665 671 694 ast
707 652 848 695 Turio.
886 653 997 696 Flor.
1035 652 1170 696 Guelf.
1209 653 1330 697 Voss.
1366 661 1404 697 1.
1446 657 1559 700 Sich.

110 721 267 778 Gry-ph.
309 722 411 763 Obr.
470 721 539 762 sed
577 737 647 775 ego
683 720 812 762 ΑΜΒ.
846 727 885 762 1.
1000 725 1159 777 utique5
1208 725 1263 763 ita
1302 727 1422 765 etiam
1450 725 1561 768 Flor.

107 789 238 831 Amb.
268 796 306 831 1.
349 788 444 845 (hic
484 799 644 829 tantum
680 803 703 828 a
740 805 819 829 sec.
850 805 976 829 manu
1008 792 1053 829 in
1083 793 1172 831 loco
1200 792 1380 846 abraso.)
1420 793 1561 849 Camp.

110 860 240 914 utique
267 875 384 912 aeque
410 857 536 898 Paris.
559 862 601 899 2.
660 873 778 912 acque
804 857 929 898 Paris.
963 862 1001 898 1.
1032 863 1071 898 3.
1101 859 1142 900 4.
1257 871 1312 900 est
1338 877 1425 916 spes
1452 861 1565 904 Flor.

224 928 258 981 ξ.
287 932 327 968 9.
387 924 446 965 ill,
472 927 559 979 jam
587 924 680 964 edd,
709 934 800 964 ante
829 923 941 965 Sich.
1057 929 1150 982 quia
1168 927 1254 969 rud.
1285 927 1424 970 Tusic.
1452 929 1563 972 Flor.

111 991 239 1034 Amb.
257 1000 298 1035 2.
330 991 470 1048 Camp.
587 1002 636 1032 et.
666 1007 777 1032 saxa
801 992 912 1034 Flor.

228 1063 261 1114 ᾗ.
297 1066 363 1102 10.
423 1061 478 1100 Et
510 1062 673 1114 Timag.
731 1059 870 1116 Itaque
889 1063 1010 1102 inser.
1032 1060 1198 1116 Camp.3
1227 1062 1355 1104 Amb.
1376 1069 1416 1105 1.
1443 1068 1565 1119 plane

114 1129 257 1169 eadem
287 1130 355 1169 dat
365 1160 389 1179 ,a
416 1144 519 1184 quae
549 1127 715 1180 Turic.;
756 1127 868 1168 Flor.
897 1131 1091 1182 imagenes
1121 1129 1207 1186 (T.
1238 1132 1373 1172 addid.
1403 1136 1456 1174 al.
1488 1133 1567 1188 m.)

115 1207 296 1237 auctores
335 1207 437 1237 sunt.
506 1195 669 1249 [Spald.
698 1205 835 1250 postea
863 1198 1113 1251 praeferebat
1144 1207 1184 1238 et
1210 1202 1293 1254 ipse
1322 1199 1460 1255 Itaque
1491 1204 1568 1242 Ti-

115 1280 297 1318 magenes
326 1275 464 1304 aucior
494 1264 589 1316 est.]
705 1274 741 1302 et
771 1263 870 1304 clar.
902 1274 988 1304 test.
1017 1276 1105 1304 sunt
1142 1265 1253 1308 Flor.

231 1335 264 1386 ᾧ.
308 1338 374 1373 12.
432 1332 559 1387 Atqui
598 1330 699 1372 clar.
739 1330 851 1372 Flor.
890 1329 1038 1372 Baliol.
1080 1332 1193 1374 Sich.
1320 1338 1400 1389 ejus
1437 1341 1569 1381 omitt.

116 1398 242 1441 Paris.
266 1405 304 1439 1.
329 1405 370 1440 2.
400 1399 538 1440 Turio.
569 1413 592 1438 a
620 1413 680 1452 pr.
710 1413 766 1438 m.
794 1397 904 1439 Flor.
922 1397 1078 1439 Ahnel.
1107 1399 1235 1441 Amb.
1258 1406 1297 1442 1.
1318 1409 1360 1444 2.
1388 1404 1510 1447 Voss.
1527 1414 1568 1449 2.

119 1464 244 1508 Goth.
276 1464 433 1522 Gryph.
492 1467 616 1523 [quae
646 1480 728 1506 vox
754 1468 787 1506 si
817 1468 949 1517 abest,
990 1475 1094 1507 recte
1123 1470 1395 1523 intefligemus
1425 1490 1471 1513 ea
1502 1492 1571 1515 ra—

117 1537 240 1584 tione,
282 1551 398 1590 quam
425 1546 564 1590 postea
589 1533 679 1590 lyra
706 1535 862 1573 imitata
891 1533 988 1587 est-J
1101 1534 1274 1576 dederint
1302 1537 1411 1581 Flor.
1441 1540 1569 1584 ΑΜΒ,

120 1607 160 1644 1.
183 1609 225 1645 2.
257 1601 391 1644 Guelf.
1332 1608 1333 1611 ’

234 1672 272 1722 §.
314 1675 380 1711 13.
436 1680 544 1725 part.
583 1685 697 1725 quoq.
742 1666 870 1710 Amb.
902 1673 941 1710 1.
1059 1670 1165 1723 Quid
1205 1678 1332 1717 omitt.
1371 1675 1498 1719 Amb.
1528 1686 1571 1721 2.

120 1738 242 1780 Voss.
265 1743 304 1779 3.
332 1738 457 1780 Bern.
483 1736 582 1777 Ald.
699 1736 839 1791 loquar
864 1735 993 1777 ΑΜΒ.
1015 1743 1053 1778 1.
1085 1754 1108 1779 a
1135 1756 1214 1781 sec.
1244 1757 1301 1783 m.
1416 1762 1458 1785 se
1480 1757 1573 1788 ante

116 1809 203 1861 jam
239 1823 319 1847 sen.
358 1809 478 1846 inser.
517 1805 656 1846 Turio.
695 1804 804 1845 Flor.
839 1804 967 1846 Amb.
1002 1811 1040 1846 1.
1081 1806 1178 1863 (qui
1214 1819 1418 1863 praeterea
1450 1814 1575 1857 habet

122 1872 254 1928 senes)
291 1873 412 1915 Bodl.
441 1872 533 1914 Bal.
565 1871 701 1925 Guelf.
733 1871 874 1927 Camp.
903 1872 1028 1914 Tarv.
1056 1874 1167 1916 Ven.
1195 1875 1297 1919 Ald.

240 1941 279 1992 §.
313 1943 380 1982 14.
438 1941 628 1982 traditum
657 1950 737 1992 est,
767 1956 901 1981 exerc.
932 1939 1069 1983 Guelf.
1098 1959 1192 1983 cum
1208 1949 1344 1988 multis
1366 1950 1456 1991 edd.
1476 1961 1574 1995 vett.

126 2018 162 2048 et
193 2011 322 2048 omitt.
352 2008 490 2049 Turio.
520 2023 544 2048 a
572 2023 632 2062 pr.
663 2023 720 2048 m.
749 2007 859 2049 Flor.
895 2007 1023 2050 Amb·
1053 2016 1096 2052 2.
1210 2027 1373 2068 quanto,
1405 2042 1460 2049 —
1484 2031 1576 2060 tan..

127 2086 232 2127 tum,·
277 2078 334 2116 ita
372 2079 492 2115 etiam
530 2075 657 2115 Paris.
682 2081 723 2116 2.
757 2080 796 2116 3.
826 2077 866 2117 4.
906 2075 1045 2119 Turio.
1076 2078 1185 2120 Flor.
1214 2080 1341 2125 Amb.
1360 2091 1400 2127 2.
1432 2086 1575 2143 Camp.

128 2145 220 2184 sort.
249 2141 375 2183 Amb.
396 2146 436 2183 1.
493 2151 602 2182 tanto
631 2141 756 2184 Paris.
782 2147 820 2183 1.

243 2212 282 2261 §.
315 2214 382 2251 15.
439 2218 555 2248 vocat
584 2207 724 2263 Camp.
828 2209 885 2250 al.
913 2227 1034 2252 sever.
1066 2226 1147 2254 om.
1177 2212 1316 2258 Tmic.
1417 2225 1575 2277 sapien-

129 2281 226 2320 tium
253 2276 391 2318 Turio.
421 2275 531 2317 Flor.
570 2273 696 2317 ΑΜΒ.
721 2282 760 2317 1.
778 2282 819 2318 2.
850 2276 985 2319 Guelf.
1104 2280 1157 2320 Et
1187 2296 1269 2324 om.
1300 2289 1420 2329 etiam
1446 2289 1574 2334 Amb„

130 2351 173 2389 2.
201 2345 326 2388 Paris.
347 2351 388 2387 2.
409 2349 448 2386 3.
472 2345 512 2384 4.
540 2344 611 2385 sed
640 2343 762 2385 habet
791 2343 914 2386 Paris.
939 2351 978 2386 1.

246 2416 285 2468 §.
316 2416 382 2454 16.
443 2414 602 2465 remiges
631 2408 767 2453 Guelf.
798 2427 892 2453 cum
910 2422 1005 2454 vett.
1028 2413 1120 2455 edd.
1144 2418 1338 2470 pluribus.
1453 2426 1495 2466 in
1514 2426 1576 2468 hig

133 2498 239 2538 oper.
270 2479 394 2521 Amb.
419 2485 457 2521 1.
491 2477 626 2521 Guelf.
652 2477 776 2521 Goth.
805 2478 944 2534 Camp.
978 2490 1016 2520 et
1039 2485 1138 2522 aliae
1159 2486 1249 2527 edd.
1271 2499 1366 2532 vett.

133 2553 283 2606 spirant
316 2548 454 2589 Tusio.
485 2563 508 2588 a
536 2563 596 2601 pr.
626 2561 680 2588 m.
709 2562 802 2588 cum
828 2546 980 2589 Cervic.
1013 2547 1143 2591 Colin.

247 2619 284 2671 §.
317 2621 383 2657 17.
443 2614 558 2657 nond.
600 2632 684 2655 cam
721 2626 848 2655 tamen
885 2614 1021 2657 Turio.
1061 2616 1167 2661 Flor.
1202 2621 1327 2664 ΑΜΒ.
1358 2631 1395 2667 1.
1438 2625 1574 2671 Guelf.

136 2684 261 2728 Goth.
292 2684 404 2727 Sich.
519 2682 562 2723 id
589 2699 735 2740 quoque
765 2697 846 2724 om·
868 2682 970 2726 Obr.
1029 2701 1174 2743 quoque
1201 2705 1280 2734 om.
1306 2690 1446 2750 Camp.
1466 2695 1573 2739 Flor.

1481 2510 1576 2537 con-
