1721 2974
14 331 18 341 ,
18 309 21 314 ,
14 281 21 295 ,.
4 0 23 259 ,α--εξι-νιῚ-α*

24 1325 26 1331 Ὗ
18 1145 28 1299 ῨψμΝ-Γ,
18 1110 25 1124 ,,
10 692 25 1087 μα’-...Νωηω-ὴυι-
16 655 19 673 -
15 616 21 641 -
15 558 21 601 ...-

415 141 472 181 acl
503 140 668 195 Quintil.
699 139 829 181 Instil.
858 138 940 189 IV,
973 144 1011 182 5.
1044 139 1082 191 §.
1117 145 1314 183 12—22.
1514 151 1597 188 229

241 256 281 309 §.
316 260 385 298 17.
444 255 595 296 credat.
654 254 784 297 Amb.
803 262 841 297 2.
872 272 948 296 cre.
1046 253 1240 296 audenda.
1303 254 1440 297 Guelf.
1473 256 1594 301 Voss.

127 329 168 364 3.
200 322 330 366 Amb.
362 329 405 365 2.
443 323 653 363 audienda.
713 322 836 364 Voss.
873 329 912 364 1.
955 334 1042 364 acte
1071 323 1282 364 audienda.
1340 323 1450 366 Flor.
1482 342 1504 366 a
1532 344 1594 381 pr.

125 407 184 433 m.
215 390 463 432 audiendum.
524 389 651 432 Amb.
686 396 725 431 1.
768 395 932 444 siletur,
973 392 1083 447 quod
1106 391 1258 432 indicio
1288 408 1371 433 esse
1403 395 1520 434 debet
1555 406 1596 436 et

125 463 260 514 ipsum
301 460 492 499 exhibere
532 458 766 498 audendum.
843 459 897 500 Et
934 463 1037 501 solet
1075 458 1357 512 Quintilianus
1397 465 1596 516 imprimis

125 544 223 568 cum
258 529 566 581 pronominibus
611 528 855 579 gerundium
884 531 1155 581 conjungere,
1198 543 1274 569 nec
1303 539 1460 570 mutare
1492 533 1597 572 illuc}

126 598 171 635 in
198 598 470 649 participium.
573 594 773 635 tentanda.
835 594 964 637 Amb.
988 602 1029 637 2.
1064 595 1205 650 Camp.
1237 598 1452 639 temtanda.
1481 599 1594 641 Jens.

125 662 227 704 Loc.
259 661 372 703 Ven.
402 661 642 716 temptanda.
732 663 851 718 effici.
911 663 1050 704 Turio.
1079 663 1208 705 Amb.
1231 671 1268 706 2.
1300 667 1424 722 offici.
1482 667 1593 709 Jens.

126 729 227 772 Loc.
257 729 370 773 Ven.
399 732 554 770 omnino
594 730 663 785 ‘ff
708 746 780 784 pro
812 731 881 786 eff
914 748 1016 771 omn.
1050 732 1161 772 dant.
1248 745 1424 787 possunt.
1485 735 1596 777 Flor.

125 796 311 841 Amb.2.
337 813 500 853 quoque
520 801 689 853 possint.
749 796 1037 841 verisimiliter
1067 803 1188 841 etiam
1222 799 1348 842 Amb.
1369 807 1409 843 1.
1499 821 1596 859 quo-

125 869 209 906 ties.
271 864 397 906 Goth.
438 864 574 906 Guelf.
614 866 725 907 Jens.
753 863 961 921 quotiens.
1079 868 1178 921 hac,
1225 868 1272 910 cle
1301 886 1394 925 qua.
1453 870 1593 913 Turio.

124 933 222 973 haec
254 933 302 971 (lc
330 950 423 988 qua.
528 933 635 990 suit.
696 932 834 974 Guelf.
857 934 1007 991 suerit.

238 1004 274 1052 §.
301 1006 369 1042 18.
409 1004 571 1057 quoties.
613 1000 739 1043 Goth.
765 1019 1010 1057 consequens.
1100 1005 1403 1059 suspicabimur.
1463 1003 1595 1049 Amb.

126 1075 167 1111 1.
207 1069 530 1125 supplicahimus.
649 1087 674 1109 a
700 1070 847 1124 judice.
908 1070 1047 1113 Turio.
1078 1089 1103 1111 a
1126 1073 1278 1125 judici,
1330 1089 1424 1114 cum
1465 1073 1594 1117 Amb.

126 1142 190 1190 1.,
242 1141 315 1193 qui
345 1141 469 1177 etiam
499 1154 525 1177 a
554 1141 719 1179 omittit.
837 1138 886 1177 cle
917 1156 1009 1194 qna.
1070 1139 1210 1181 Turio,
1250 1141 1358 1182 Flor.
1390 1142 1521 1184 Amb.
1552 1150 1596 1185 2.

123 1204 236 1247 Jens.
268 1215 308 1245 et
338 1206 430 1246 edd.
469 1215 561 1246 ante
595 1205 753 1261 Gryph.
798 1223 913 1246 meae
957 1224 1046 1248 exc.
1077 1207 1187 1249 Sich.
1220 1208 1268 1248 (ἴε
1300 1227 1392 1264 quo.
1496 1227 1598 1265 pro-

123 1276 340 1313 mittamus.
399 1272 538 1314 Turio.
568 1278 855 1329 permittamus.
975 1279 1122 1330 agitur.
1181 1275 1313 1318 Amb.
1345 1283 1382 1318 1.
1412 1289 1565 1332 agetur.

145 1377 162 1394 ,
239 1346 276 1395 §.
311 1347 379 1383 19.
439 1343 676 1384 verecunda.
733 1343 872 1384 Turio.
904 1341 1033 1385 Amb.
1071 1350 1112 1384 1.
1140 1344 1250 1384 Flor.
1282 1360 1304 1384 a
1326 1362 1386 1399 pr.
1407 1362 1462 1385 m.
1487 1363 1598 1386 vere-

125 1410 284 1451 cundia.
401 1420 438 1449 et
469 1410 642 1451 adversi.
702 1411 770 1453 Sic
802 1415 925 1451 etiam
952 1410 1083 1454 Amb.
1109 1418 1161 1463 1.‚
1193 1414 1263 1454 sed
1291 1416 1436 1454 omisso
1458 1425 1596 1469 equna

126 1494 221 1519 cum
250 1478 390 1519 Turio.
505 1480 770 1533 probationis.
832 1478 957 1520 Goth.
985 1481 1211 1535 probitatis.

241 1548 285 1598 §.
313 1553 383 1588 20.
440 1563 527 1587 nos.
586 1547 726 1588 Turio.
767 1564 852 1588 vos.
970 1559 1006 1587 et
1037 1551 1186 1590 invitis.
1244 1548 1375 1592 Amb.
1405 1555 1443 1590 1.
1475 1553 1598 1593 omit-

125 1617 174 1656 tit
213 1626 263 1655 et.
373 1614 655 1669 judiciariam..
722 1614 860 1657 Guelf.
908 1616 1163 1668 indiciarum.
1291 1617 1597 1674 interpellemur.

125 1683 255 1726 Amb.
279 1690 321 1725 2.
352 1683 648 1738 interpellemus.
766 1685 816 1724 ab
858 1687 922 1725 iis.
982 1684 1090 1725 Flor.
1123 1700 1287 1740 quoque
1316 1701 1340 1725 a
1367 1703 1429 1740 pr.
1459 1703 1516 1728 ln.
1545 1690 1599 1728 ab

125 1752 202 1792 his.
314 1753 536 1793 subsistere.
599 1750 736 1793 Guelf.
768 1753 996 1794 substinere.
1112 1754 1340 1795 avertenda.
1398 1755 1504 1797 Flor.
1541 1756 1597 1797 acl

126 1821 406 1860 convertenda.⁴
517 1832 755 1875 surrepetur.
813 1820 946 1872 Amb.
972 1827 1014 1862 2.
1045 1822 1287 1877 subrepetur.

242 1889 282 1938 §.
312 1893 382 1929 21.
443 1887 514 1928 Sic
533 1899 708 1943 utraque.
753 1888 895 1943 Camp.
926 1892 1178 1944 siutraquew
1238 1891 1408 1945 juvabit.
1451 1890 1594 1946 Camp.

120 1956 341 2010 juvabitur.
427 1956 654 1995 modestiae.
712 1955 821 1997 Flor.
853 1972 878 1996 a
906 1973 985 1998 sec.
1016 1973 1074 1997 m.
1105 1958 1225 1999 Alm.
1256 1957 1388 2000 Amb.
1410 1966 1452 2001 2.
1472 1958 1595 2001 Voss.

129 2029 169 2064 1.
204 2029 245 2064 3.
288 2022 404 2064 Sich.
444 2022 572 2063 Basil.
612 2022 847 2076 modestior,
905 2040 1011 2079 quae
1058 2026 1150 2067 edd.
1201 2027 1358 2068 addunt
1407 2044 1457 2068 ac
1501 2036 1596 2068 ante

125 2095 326 2132 attentior.
1063 2104 1067 2107 ”

241 2161 280 2212 §.
307 2165 377 2200 22.
437 2170 505 2198 aut
542 2157 652 2198 utilis
690 2161 821 2199 ctiam.
881 2157 950 2199 Sic
985 2162 1108 2200 etiam
1134 2160 1245 2201 Flor.
1304 2159 1368 2204 At
1398 2160 1524 2203 Goth.
1554 2171 1597 2204 et

127 2229 221 2268 edd.
263 2243 288 2267 a
327 2227 430 2267 Bad.
474 2227 526 2266 ad
559 2225 717 2281 Gryph.
751 2243 800 2267 ac
829 2238 883 2266 ut.
914 2245 947 2267 c.
1062 2228 1192 2268 solum
1218 2228 1277 2269 id.
1334 2230 1424 2270 Hoc
1454 2230 1596 2270 ordine

126 2299 251 2336 etiam
281 2294 413 2337 Amb.
432 2300 471 2335 1.
496 2300 536 2336 2.
566 2294 676 2335 Flor.
704 2294 794 2335 Par.
821 2300 857 2335 1.
878 2302 918 2336 2.
943 2301 983 2336 3.
1076 2313 1175 2351 quae
1205 2297 1406 2338 dicuntur.
1452 2296 1593 2338 Turic-

127 2378 152 2403 a
181 2380 242 2417 pr.
273 2380 329 2404 m.
368 2366 518 2403 omittit
556 2380 666 2417 quae.
782 2379 837 2402 ex
868 2364 998 2403 turba.
1060 2363 1186 2405 Goth.
1218 2383 1238 2404 e
1267 2366 1398 2406 turba.
1514 2382 1595 2407 ex-

127 2434 282 2471 tractis.
344 2429 481 2472 Guelf.
515 2433 690 2471 etr-acti&
805 2442 924 2472 certo.
986 2431 1155 2473 Omittit
1181 2432 1312 2475 Amb.
1335 2440 1375 2474 2.
1405 2433 1526 2475 Voss.
1550 2440 1591 2476 3.

184 2538 185 2543 ,
211 2498 470 2553 singularum.
531 2497 654 2539 Voss.
687 2504 728 2539 2.
768 2498 880 2541 Jens.
920 2500 1195 2554 singularium.
1311 2501 1428 2542 aliter
1461 2519 1592 2557 quam.

176 2564 312 2606 Turio.
335 2566 469 2616 Flor.,
511 2576 679 2623 uterque
729 2583 752 2607 a
789 2584 848 2622 pr.
891 2584 946 2610 m.
989 2568 1045 2609 al.
1086 2585 1213 2624 quem.
1326 2570 1590 2629 facientibus,

129 2632 265 2674 Turio.
284 2634 540 2692 fatientibus.
