1721 2974
248 178 301 218 cul
333 178 496 233 Quintil.
526 178 656 220 Instit.
678 176 735 229 11,
768 182 806 219 9.
837 177 875 228 §.
899 179 1037 217 1-3,
1095 181 1160 217 10.
1183 177 1218 228 ς.
1244 181 1411 218 1-10,
1503 183 1556 221 89

189 303 255 344 ut,
284 295 320 333 ,ςί
333 296 430 347 jam.
491 309 541 334 ac
570 294 606 333 si
628 294 715 347 jam
744 293 896 347 prlmus
926 290 1036 331 dedit
1057 287 1197 341 Sich.,
1230 298 1270 330 et
1287 306 1382 330 eum
1399 302 1556 334 secutus

109 359 244 403 Coun.
302 360 466 403 Pottier.
491 377 540 401 ac
558 364 597 399 si
625 364 668 401 in
691 360 814 402 Paris.
837 364 876 401 5.
892 391 903 411 ‚
941 369 984 398 ut
1012 360 1048 397 si
1074 360 1118 398 'm
1137 356 1262 398 Parh.
1288 364 1327 400 1.
1350 364 1391 400 2.
1415 365 1452 400 3.
1477 363 1560 415 legi

31 444 33 452 ’
104 432 275 470 notavit.
393 428 608 484 aliquando
638 444 720 469 om.
750 428 859 470 Flor.
896 442 920 467 a
946 442 1006 481 pr.
1037 441 1093 465 m.
1209 426 1439 468 tenuandas.
1497 426 1558 468 Ita

104 495 214 537 Flor.
236 512 259 537 a
277 513 355 537 sec.
377 512 432 537 m.
462 495 590 537 Amb.
607 501 641 535 1.
662 495 786 538 Paris.
812 498 852 536 4.
911 493 1124 534 tenuandus
1143 496 1266 534 etiam
1285 493 1427 548 Camp.
1449 495 1557 538 Flor.

105 579 130 604 a
148 580 208 617 pr.
230 580 287 605 m.
315 579 410 604 cum
437 563 558 604 Voss.
581 580 660 603 seo.
689 574 728 604 et
757 563 882 605 Paris.
910 567 947 603 1.
967 568 1009 602 2.
1031 566 1070 602 3.
1100 560 1209 602 Jens.
1235 571 1276 602 et
1298 572 1444 616 poster.
1470 573 1561 604 ante

107 630 239 672 Stoer.
300 631 410 672 Vide
436 629 552 671 Conr.
573 630 800 672 Schneider.
827 631 960 671 Elem.
986 628 1108 682 Ling.
1136 627 1230 670 Lat.
1254 646 1295 683 p.
1319 635 1398 671 123
1416 647 1476 686 sq.

220 701 260 750 §.
294 704 336 741 7.
392 701 523 753 primo
559 723 617 730 ———
658 699 970 753 deprehendetur.
1040 696 1142 739 Obr.
1179 700 1331 753 primos
1368 715 1403 740 c.
1443 715 1481 740 v.
1524 716 1560 741 0.

106 777 272 807 conatus
301 766 484 821 deprimit
513 782 607 806 cum
629 765 767 807 Turio.
803 782 827 806 a
852 782 929 807 sec.
953 782 1010 807 m.
1043 765 1179 820 (prius
1201 775 1285 806 erat
1310 777 1475 807 conatur
1495 767 1565 807 cle-

102 834 353 889 prelzentur‚·-
374 844 512 877 utrum
532 837 662 890 primo
680 850 731 874 an
749 837 900 890 primos
919 835 1092 885 habeat,
1120 849 1206 874 non
1225 833 1414 889 memor.)
1440 834 1562 876 Bodl.

105 901 222 944 Alm.
255 901 339 956 (ex
366 903 451 944 hJs
460 905 591 957 primo
619 905 741 942 refert
768 901 936 951 Burm.;
976 904 1022 941 in
1050 900 1170 942 Bodl.
1194 911 1299 942 certe
1323 903 1432 956 apud
1451 901 1563 945 Gibs.

106 978 167 1009 est
189 969 367 1026 primos)
412 968 553 1024 Camp.
624 981 789 1011 conatur
826 970 894 1010 dat
928 971 1052 1009 etiam
1084 969 1219 1021 Flor.3
1268 970 1339 1010 sed
1366 969 1493 1012 Aan.
1525 977 1565 1014 1.

107 1046 245 1078 tuetur
273 1046 489 1092 receptam.
607 1041 803 1093 cujusque.
862 1039 1121 1092 cujuscunque
1160 1036 1176 1090 (
1193 1051 1286 1077 cum
1317 1052 1410 1078 mss.
1443 1038 1564 1081 Bodl.

107 1105 226 1147 Alm.
247 1105 373 1146 Paris.
398 1105 467 1159 5.)
500 1108 623 1145 etiam
644 1105 745 1147 Obr.
764 1137 774 1156 ,
821 1119 906 1144 non
929 1106 1060 1145 addic.
1090 1103 1218 1145 Aan.
1242 1110 1281 1146 1.
1397 1110 1565 1149 omnino.

112 1176 221 1213 omni
247 1172 364 1213 modo
399 1172 506 1213 Flor.
536 1172 656 1213 Bodl.
691 1172 782 1213 Bal.
816 1170 951 1213 Guelf.
985 1171 1113 1212 Amb.
1142 1178 1182 1212 2.
1210 1171 1328 1230 Voss.
1350 1178 1390 1214 3.
1425 1174 1566 1230 Camp-

112 1239 216 1281 Obr.
239 1243 329 1281 fort.
353 1239 480 1280 Amb.
506 1246 542 1280 1.
603 1240 809 1281 omninodo
826 1239 964 1281 Turio.
1079 1242 1110 1279 ii
1131 1239 1241 1296 prof
1294 1241 1336 1280 hi
1350 1259 1414 1296 pr.
1437 1241 1566 1285 Aan.

116 1313 155 1348 1.
186 1307 297 1349 Jens.
320 1307 442 1348 Tarv.
463 1306 563 1348 Loo.
584 1308 694 1348 Ven.
716 1307 828 1349 Sich.
887 1311 919 1348 ii
949 1323 1030 1348 om.
1060 1306 1187 1347 Amb.
1213 1313 1253 1350 2.
1274 1307 1393 1351 Voss.
1416 1316 1454 1350 3.

108 1375 222 1432 prof:
242 1393 287 1415 ne
309 1386 385 1416 rat.
442 1375 728 1432 profectionem
748 1378 939 1415 rationem
960 1374 1098 1414 Turio.
1129 1390 1152 1414 a
1179 1390 1239 1428 pr.
1271 1390 1355 1428 m.;
1395 1393 1472 1418 sec.
1497 1379 1570 1418 de-

112 1443 172 1483 dit
201 1443 383 1500 proficio
412 1459 560 1484 omnem
587 1453 664 1484 rat.
678 1473 690 1492 ,
729 1452 775 1484 ut
798 1443 920 1483 habet
952 1440 1093 1496 Camp.
1211 1444 1369 1483 inventa
1394 1448 1459 1486 sit.
1520 1449 1572 1486 sit

110 1511 192 1557 inv.
223 1510 332 1552 Flor.

226 1583 262 1633 §2
296 1584 335 1622 8.
393 1590 624 1636 praeparat.
680 1590 925 1636 praeparant
953 1578 1094 1633 Camp.
1117 1581 1237 1620 male.

228 1652 264 1702 §.
300 1653 339 1690 9.
398 1651 498 1687 inter
521 1647 701 1705 forense.
763 1651 864 1688 inter
899 1663 979 1688 om.
1023 1647 1161 1688 Turio.
1280 1648 1408 1702 jocos·
1470 1650 1575 1702 jocis

115 1714 245 1762 Amb.
271 1721 308 1758 1.
427 1732 527 1771 quae
546 1733 615 1761 nos
636 1715 848 1770 quamlibet
874 1734 945 1771 per
974 1714 1057 1756 alia
1085 1717 1112 1754 i.
1136 1731 1169 1758 s,
1191 1731 1223 1758 e.
1245 1731 1376 1754 sumus
1392 1717 1575 1755 —inve—

114 1787 238 1825 niunt.
298 1784 345 1824 ob
377 1800 478 1839 quae
498 1782 600 1824 Ald.
633 1783 761 1836 Obr.‚
799 1800 883 1824 non
905 1784 1035 1824 addjc.
1065 1781 1193 1825 Amb.
1219 1788 1256 1823 1.
1272 1815 1283 1836 ,
1315 1798 1450 1838 neque
1472 1787 1575 1836 ullo,
1597 1779 1604 1785 ⁴

117 1862 319 1908 quantum
337 1853 481 1903 video,
509 1851 610 1893 Cod'.
667 1863 830 1907 propte-r
859 1851 944 1892 alia
972 1850 1074 1892 Ald.
1134 1854 1255 1890 simus
1284 1850 1423 1891 Turio.
1456 1851 1573 1892 AJm.

117 1917 243 1963 Goth.
268 1919 410 1974 Camp.
430 1919 540 1961 Jens.
563 1929 604 1961 et
621 1930 723 1975 post.
748 1929 842 1960 ante
861 1919 1000 1971 Sich.‚
1041 1935 1122 1960 acc.
1147 1918 1249 1961 Obr.
1269 1921 1363 1959 fort.
1382 1918 1511 1960 Amb.
1535 1925 1574 1960 1.

117 2003 249 2031 sumus
275 1991 422 2029 retinet
454 1986 590 2030 Guelf.
650 1990 862 2030 invenimus
891 1987 1028 2031 Turio.
1056 1987 1163 2028 Flor.
1223 1989 1439 2030 invenimur
1457 1988 1575 2028 Alm.

120 2053 262 2109 Camp.
304 2053 426 2095 Tarv.
465 2053 576 2095 Ven.
618 2054 722 2097 Obr.
756 2059 848 2096 fort.
882 2055 1010 2097 Amb.
1044 2059 1083 2095 1.
1155 2057 1403 2093 inveniuntur
1440 2052 1576 2099 Guelf.

120 2123 350 2178 [inveniunt
368 2125 423 2161 ita
439 2125 615 2176 positum
639 2132 697 2163 est
715 2133 761 2163 ut
783 2123 1068 2179 deprehendunt
1095 2121 1130 2175 I,
1152 2127 1192 2176 8,
1216 2127 1267 2164 21
1298 2131 1338 2162 et
1358 2124 1446 2162 aliis
1466 2125 1578 2161 locis.

124 2190 272 2242 Gom]

236 2260 274 2311 §.
308 2264 374 2298 10.
431 2255 649 2313 paululum.
706 2257 867 2313 paulum
900 2257 1027 2298 Amb.
1063 2262 1100 2298 1.
1125 2263 1166 2298 2.
1198 2254 1334 2298 Guelf.
1451 2255 1582 2296 incla-

121 2343 245 2368 mare.
307 2325 504 2366 inclinare
526 2333 583 2365 est
607 2334 744 2365 tamen
767 2330 811 2365 'm
832 2326 968 2366 Turio.
1003 2341 1026 2365 a
1044 2341 1122 2367 sec.
1144 2341 1200 2365 m.
1234 2324 1372 2379 (prius
1403 2333 1489 2364 erat
1518 2327 1581 2363 in—

124 2394 314 2448 climare)
346 2394 452 2434 Flor.
473 2392 614 2447 Camp.
635 2392 736 2434 Obr.
765 2396 857 2434 fort.
891 2392 1019 2434 Amb.
1041 2400 1080 2434 1.
1140 2393 1358 2433 inclamare
1385 2395 1430 2431 in
1452 2391 1578 2434 Paris.

128 2468 167 2504 1.
191 2468 230 2504 2.
253 2466 292 2504 3.
325 2465 406 2516 legi
429 2465 585 2502 notavit
611 2461 849 2513 Potae—rius,
887 2471 1022 2503 tacens
1048 2463 1096 2502 de
1131 2461 1247 2502 codd.
1279 2461 1320 2501 4.
1357 2470 1397 2501 et
1423 2465 1462 2503 5.

127 2529 378 2585 voluptatem.
437 2530 584 2571 volunt.
617 2521 756 2571 Turio.
788 2529 895 2571 Flor.
926 2528 1046 2570 Bodl.
1078 2529 1225 2571 Joann.
1259 2527 1352 2570 Bal.
1379 2529 1507 2570 Amb.
1539 2534 1580 2571 2.

129 2596 248 2638 Voss.
280 2603 317 2639 1.
351 2604 390 2640 2.
429 2596 552 2639 Bern.
584 2597 718 2640 Andr.
752 2596 853 2639 Ald.
970 2597 1159 2638 debemus.
1219 2596 1350 2637 demus
1379 2596 1509 2639 Aan.
1540 2603 1580 2638 2.

131 2680 224 2708 cum
247 2666 365 2709 Voss.
392 2671 429 2709 1.
451 2671 489 2707 3.
