1721 2974
133 130 187 170 94
570 129 842 185 Supplemcnia
873 132 1140 169 annotaiionis

242 242 280 293 §.
314 245 351 281 6.
411 242 599 297 quidquid
630 253 698 284 esi.
758 254 813 282 est
850 258 929 281 om.
963 241 1100 282 Turio.

239 310 276 362 §.
308 313 349 349 7.
409 311 568 363 negabo.
619 327 714 363 nego
737 310 875 364 Camp.
993 309 1098 351 urile.
1158 309 1289 350 utilem
1309 309 1414 351 Flor.
1440 311 1573 354 Guelf.

129 375 245 417 Voss.
266 382 305 417 3.
339 375 480 430 Camp.

240 446 276 496 §.
309 449 348 485 8.
407 447 619 499 iterumque
657 448 881 497 iterumque.
951 445 1090 484 iterum
1128 447 1338 499 iterumque
1375 443 1513 485 Turio.
1554 461 1576 485 a

124 526 202 552 sec.
232 527 288 551 m.
337 510 427 567 (pr.
468 528 522 552 m.
568 514 754 552 omiserat
793 509 1027 565 iterumque)
1069 510 1212 566 Gamp.
1253 511 1357 553 Obr.
1398 521 1438 552 et
1474 515 1577 552 aliae

123 579 326 634 quaedam
351 579 444 619 edd.
473 595 574 619 recc.
688 577 782 633 quid
798 577 1001 633 expediat.
1061 589 1096 618 et
1117 596 1155 634 q.
1181 595 1276 634 emp.
1308 578 1446 620 Turio.
1465 577 1575 620 Flor.

122 646 238 687 Alm.
278 645 369 686 Bal.
413 644 553 699 Camp.
602 643 736 686 Andr.
861 645 1046 688 videmus.
1112 646 1316 686 videamus
1364 645 1493 688 Amb.
1536 652 1575 687 1.

120 716 228 754 Jens.
261 712 371 754 Ven.
1564 723 1566 725 ’

237 783 272 834 §.
303 786 341 822 9.
401 796 531 834 nempe
557 781 672 820 enim.
730 777 793 820 Ita
828 779 966 822 Turio.
998 781 1106 822 Flor·
1147 780 1274 823 Amb.
1304 787 1342 821 1.
1373 797 1397 821 a
1426 798 1486 836 pr.
1516 796 1573 822 m.

120 847 243 889 Amb.
276 855 315 889 2.
352 847 477 888 Paris.
515 851 554 887 1.
587 852 626 888 2.
659 852 699 888 3.
741 846 883 902 Camp.
953 848 1092 903 [Vide
1130 848 1337 903 Spalding.
1375 852 1420 888 in
1447 851 1573 903 praef.

119 915 217 956 Vol.
249 913 271 954 I
309 931 349 968 p.
380 912 673 966 LXXXIH.]
787 918 852 956 sit.
903 918 958 971 fit
996 914 1107 956 Gibs.
1146 916 1273 968 Obr.,
1321 930 1405 956 non
1445 917 1574 956 addic.

119 980 242 1024 Amb.
278 988 315 1022 1.
431 984 491 1022 sic
529 981 717 1024 dixerim.
777 986 836 1023 ita
869 982 962 1024 (lim.
1010 981 1119 1025 Flor.
1161 983 1304 1037 Camp.
1416 985 1571 1040 qfficfis.

117 1049 207 1089 Hoc
235 1052 316 1101 jam
344 1049 541 1090 dederunt
568 1049 682 1091 Sich.
712 1048 873 1103 Colin.3
913 1061 948 1089 et
965 1049 1129 1107 factum
1157 1059 1216 1092 est
1245 1054 1368 1091 etiam
1388 1053 1432 1090 in
1460 1050 1493 1091 F
1497 1054 1570 1091 lor.

115 1115 238 1158 Amb.
261 1123 299 1158 2.
332 1116 456 1159 Paris.
487 1122 526 1158 1.
552 1124 593 1160 2.
616 1122 656 1158 3.
688 1116 831 1172 Camp.
891 1116 1184 1158 Difficultatem
1217 1120 1325 1158 tollit
1354 1116 1478 1159 Amb.
1508 1122 1569 1158 1.:

115 1196 152 1225 et
180 1185 377 1240 effictum.
493 1184 615 1227 vultu.
674 1185 803 1225 vultus
834 1185 972 1227 Turio.
1002 1183 1117 1227 Alm.
1151 1185 1292 1238 Camp.

228 1254 265 1304 §.
297 1257 363 1294 10.
425 1264 593 1302 rectum,
645 1253 811 1308 improb.
855 1270 964 1309 opus.
1024 1253 1191 1308 improb.
1225 1263 1370 1293 rectum
1405 1251 1513 1292 Flor.
1547 1266 1571 1291 a
1644 1281 1650 1283 -

113 1335 175 1373 pr.
197 1335 280 1371 m.3
321 1335 398 1360 sec.
428 1333 484 1360 m.
515 1320 609 1360 add.
642 1336 739 1374 opus
765 1323 873 1361 inter
903 1325 997 1375 imp.
1025 1330 1065 1361 et
1092 1331 1127 1360 et
1158 1331 1253 1361 rect.
1371 1319 1445 1360 illa
1465 1322 1566 1374 ipsa.

112 1389 203 1442 ipsa
231 1386 304 1426 illa
331 1386 438 1427 Flor.
467 1385 604 1428 Guelf.
638 1385 780 1441 Camp-

226 1458 263 1507 §.
297 1459 364 1495 11.
423 1453 729 1495 delectationem.
789 1453 1040 1494 delectionem
1071 1452 1210 1495 Turio.
1241 1453 1351 1496 Flor.
1464 1467 1566 1497 sunt.

112 1521 278 1562 Mutant
314 1524 427 1563 enim.
487 1524 604 1561 etiam
641 1522 740 1562 dant
776 1532 933 1576 praeter
970 1530 1212 1561 memoratos
1248 1519 1358 1562 Flor.
1391 1521 1493 1563 Obr.
1528 1532 1569 1564 et

112 1587 304 1629 Pottierio
334 1599 435 1630 teste
464 1584 591 1631 Paris.
612 1594 756 1631 1.2.5.
789 1588 958 1643 camp-3
990 1597 1193 1642 receptam
1212 1597 1349 1629 tuetur
1364 1586 1488 1632 Amb.
1510 1596 1565 1643 1.,

110 1671 283 1712 eamque
325 1658 504 1698 vindicat
550 1665 755 1712 praeterea
803 1659 853 1697 ab
898 1656 1099 1698 Obrechti
1138 1659 1410 1698 correctione:
1459 1674 1566 1698 sum-

108 1734 272 1764 mutant.

221 1794 257 1845 §.
292 1797 358 1833 12.
416 1792 614 1847 Antigoni
642 1806 723 1833 om.
763 1791 871 1833 Flor.
906 1806 930 1831 a
954 1807 1013 1844 pr.
1045 1805 1102 1831 m.
1133 1789 1272 1831 Turic.
1388 1792 1430 1830 in
1461 1801 1562 1832 orat.

107 1860 150 1899 in
178 1874 258 1900 om.
289 1859 428 1901 Turio.

219 1928 256 1979 §.
291 1932 358 1968 13.
417 1929 569 1982 opinor.
619 1925 682 1968 Ita
700 1927 809 1968 Flor.
832 1924 954 1967 Amb.
975 1931 1016 1966 2.
1048 1933 1088 1965 et
1115 1933 1213 1965 teste
1237 1923 1402 1965 Pottier.
1433 1922 1561 1967 Paris.
1633 1970 1651 1989 ·

108 1998 146 2034 1.
175 2000 215 2035 2.
243 2000 281 2036 5.
318 1994 460 2049 Camp.
581 1993 780 2050 Cythnius,
841 1993 1030 2049 Sythnius
1056 1990 1180 2034 Amb.
1216 1997 1253 2032 1.
1313 1991 1561 2045 [Eustathio

104 2062 157 2100 ad
184 2059 301 2102 Iliad.
333 2062 397 2115 Ω,
435 2068 513 2103 163
540 2077 632 2116 pag.
663 2064 799 2113 1343,
832 2066 884 2101 60
915 2061 978 2101 ed.
1007 2059 1129 2100 Rom.
1160 2060 1385 2113 appellatur
1414 2057 1560 2112 Sicyo-

103 2131 218 2182 nius3
271 2131 367 2170 inde
403 2128 655 2183 Quintiliani
693 2127 928 2180 dubitatio]
1054 2129 1095 2167 in
1124 2125 1272 2167 tabula.
1331 2128 1372 2165 in
1401 2142 1448 2164 ea
1472 2125 1555 2166 tab.

103 2192 242 2238 Turio.
284 2197 394 2239 Flor.
429 2197 566 2240 Guelf.
595 2196 719 2239 Amb.
745 2203 785 2239 2.
827 2195 951 2237 Goth.
982 2193 1106 2236 Paris.
1131 2200 1169 2235 1.
1203 2194 1343 2246 Camp.
1373 2191 1484 2232 Jens.
1516 2200 1556 2232 et

102 2273 204 2315 post.
246 2280 384 2306 omnes
423 2276 517 2307 ante
547 2264 717 2317 Burm.,
761 2267 834 2320 qui
861 2265 994 2304 omisit
1024 2278 1093 2313 ea,
1132 2262 1244 2301 haud
1273 2260 1394 2299 dubie
1424 2275 1555 2300 errore

102 2337 257 2383 typogr.
375 2332 547 2374 Coloten.
602 2331 666 2373 Ita
701 2341 857 2387 praeter
897 2335 994 2371 alios
1032 2329 1172 2371 Turic.
1214 2327 1323 2369 Flor.
1355 2324 1477 2367 Amb.
1511 2333 1552 2368 1.

193 2397 367 2441 Ulixem.
434 2401 586 2441 Ulixen
614 2400 751 2442 Turio.
786 2397 909 2439 Amb.
935 2403 973 2439 1.
1032 2397 1095 2439 Cf.
1122 2394 1158 2448 I,
1188 2396 1229 2447 4,
1253 2399 1304 2434 16
1334 2402 1374 2434 et
1393 2396 1451 2433 ibi
1468 2408 1554 2442 varq

100 2464 210 2505 lectt.
326 2468 455 2522 (ligne.
515 2468 634 2522 digno
674 2476 733 2508 est
772 2469 896 2507 etiam
934 2468 979 2504 in
1016 2463 1112 2505 Ald.
1228 2472 1371 2517 posset.
1424 2462 1552 2515 possit

99 2528 206 2570 Flor.
233 2530 366 2575 Guelf.
400 2550 494 2575 cum
520 2535 628 2577 Jens·
658 2543 699 2575 et
726 2543 827 2588 post.
859 2541 952 2574 ante
981 2531 1094 2573 Sich.
1210 2532 1360 2585 cuique.
1421 2531 1550 2583 cujus·
1624 2524 1628 2525 ⁷

99 2612 173 2649 que
202 2602 325 2640 etiam
352 2599 475 2644 Paris.
500 2610 539 2646 2.
569 2603 679 2645 Jens.
713 2610 753 2644 et
779 2610 880 2658 post.
915 2609 1006 2643 ante
1034 2597 1175 2653 sich„
1221 2611 1310 2648 exc.
1338 2594 1434 2640 Ald.
