1695 2974
1474 143 1566 187 xxi

122 245 378 296 invenisset,
408 243 488 285 hoc
509 258 594 285 non
617 244 740 294 fecit,
767 244 842 284 sed
865 243 1014 283 scribit
1035 257 1091 282 tm
1114 257 1215 283 vero
1241 240 1386 296 Camp.
1410 242 1514 298 Reg.
1532 249 1567 286 1.

122 323 190 364 Ex
221 337 305 379 quo
343 325 381 364 si
412 325 505 379 quis
535 324 750 377 conjicere
778 319 932 371 vellet,
970 321 1015 360 in
1044 318 1220 375 reliquis
1249 333 1343 361 esse
1374 334 1431 361 an
1460 325 1566 372 non,

121 410 580 458 magnopereerraret.
647 399 759 442 Nam
788 399 860 441 ille
890 397 999 439 nihil
1028 397 1144 439 aliud
1173 413 1298 453 quam
1327 398 1569 454 significare

124 480 278 532 voluit,
318 479 470 521 lectam
499 479 583 521 sibi
624 494 788 535 quoque
826 492 920 520 esse
957 479 1272 519 annotationem
1303 477 1570 534 Spaldingia-

121 574 244 612 nam,
294 568 337 601 et
388 560 621 600 testimonii
664 573 793 599 causa
839 559 964 599 unius
1014 556 1172 598 codicis
1212 565 1355 598 notam
1401 557 1570 611 adjecit.

119 636 265 694 Itaque
293 638 366 690 fit,
397 647 444 680 ut
461 639 612 679 inanes
642 636 731 679 fere
761 636 842 678 hae
867 637 995 692 dapes
1019 636 1128 687 sint,
1161 643 1202 676 et
1222 636 1275 677 ad
1298 636 1572 692 spectandum

120 719 256 773 magis
281 731 406 773 quam
425 716 479 758 ad
495 716 724 758 fruendum
747 724 1031 771 comparatae:
1062 729 1198 771 neque
1218 729 1298 771 ego
1323 730 1439 766 curo,
1473 716 1573 770 quid

121 795 178 836 sit
208 795 319 850 quod
350 793 625 838 Dussaultius
656 797 701 836 in
740 809 851 836 nova
880 795 1063 835 editione
1097 791 1352 843 Quintiliani
1380 792 1574 835 Parisina

120 871 315 914 Pottierii
343 875 556 915 variantes
586 874 670 915 sibi
713 874 923 923 vindicat,
971 882 1184 928 tamquam
1222 887 1247 913 a
1270 881 1424 928 nepote
1464 873 1573 926 ejuS,

122 952 195 1007 qui
226 954 510 1008 excerpserit,
554 953 746 1005 vicarii,
791 951 891 994 olim
921 951 1174 1007 professoris
1203 951 1411 1003 parisini,
1446 953 1497 993 ad
1528 949 1600 993 se⁴

120 1027 296 1071 delatas.
355 1031 463 1073 Sunt
493 1034 606 1075 enim
637 1033 832 1083 eaedem,
864 1045 969 1087 quae
1002 1031 1111 1086 apud
1134 1030 1387 1073 Pottierium
1412 1036 1573 1083 extant,

121 1110 292 1152 omissis
315 1109 594 1166 quibusdam,
626 1121 668 1153 et
703 1113 882 1166 adjectis
914 1108 1075 1165 aliquot
1110 1111 1232 1151 novis
1263 1108 1576 1165 typothetarum

121 1177 360 1240 erroribus,
402 1200 604 1245 quantum
643 1192 811 1248 quidem
850 1204 904 1231 ex
946 1187 1189 1244 apographo
1228 1189 1272 1229 in
1306 1188 1507 1230 Seebodii
1536 1199 1577 1230 et

83 1289 91 1297 ε
119 1265 421 1310 Friedemanni
461 1268 646 1310 Miscell.
689 1271 782 1310 crit.
823 1268 925 1309 Vol.
947 1267 967 1308 I
996 1270 1132 1322 p.486
1173 1282 1261 1322 sqq.
1311 1266 1575 1323 intelligitur.

121 1343 278 1400 Utique
306 1345 359 1388 lis
400 1347 532 1389 fuerit
564 1349 615 1389 de
646 1346 745 1389 lana
775 1348 961 1402 caprina.
1028 1345 1114 1386 Sed
1146 1345 1342 1400 quicquid
1373 1347 1466 1400 ejus
1497 1356 1576 1397 est,

120 1423 416 1468 Parisinorum
447 1427 641 1468 codicum
670 1429 899 1477 ‚varietates
935 1427 980 1467 in
1017 1424 1127 1466 hane
1156 1438 1312 1480 penum
1343 1423 1462 1465 nolui
1493 1440 1577 1466 non

120 1505 333 1559 recipere,
377 1520 430 1548 ne
461 1507 561 1561 quid
591 1507 781 1557 deesset,
813 1505 925 1561 quod
956 1505 1010 1546 ad
1036 1518 1142 1559 opus
1171 1504 1579 1558 praestantissimum

121 1581 445 1625 emaculandum
475 1584 741 1642 aliquatenus
782 1591 927 1640 posset
955 1582 1059 1624 utile
1089 1583 1239 1623 videri.
1318 1581 1462 1624 Unum
1496 1582 1578 1624 hoc

121 1676 301 1714 moneo,
350 1678 403 1704 ne
435 1664 528 1719 quis
565 1673 789 1720 propterea
819 1664 931 1718 quod
955 1662 1182 1703 Pottierius
1213 1660 1322 1702 nihil
1353 1665 1578 1715 annotarit,

120 1740 201 1782 hoc
231 1740 301 1784 vel
328 1741 435 1784 illud
466 1757 557 1785 esse
597 1744 642 1785 in
674 1743 900 1785 codicibus.
921 1743 1126 1784 Parisinis
1156 1750 1297 1798 putet3
1343 1755 1441 1782 nam
1470 1743 1581 1782 sicut

121 1835 196 1876 par
225 1830 290 1863 est
319 1822 371 1863 de
399 1820 483 1863 fide
512 1821 700 1864 hominis
729 1821 837 1864 nihil
866 1837 988 1865 secus
1018 1823 1289 1874 existimare,
1328 1822 1389 1861 ita
1415 1823 1580 1876 pericu-

121 1898 263 1942 losum
293 1910 358 1942 est
388 1916 443 1943 ex
472 1903 565 1956 ejus
597 1901 768 1943 silentio
800 1904 1026 1959 quicquam
1056 1901 1325 1942 contendere.
1387 1899 1581 1956 Spaldin-

123 1979 348 2034 gianorum
406 1990 547 2022 autem
601 1978 825 2033 codicum,
897 1980 1085 2023 Gothani
1135 1988 1177 2021 et
1229 1978 1579 2034 Guelferbytani,

122 2055 395 2110 Turicensis,
426 2059 683 2113 florentini,
726 2060 1108 2102 Ambrosianorum
1139 2059 1159 2100 I
1179 2068 1221 2100 et
1245 2058 1287 2100 ΙΙ
1315 2068 1432 2102 tanta
1473 2060 1579 2101 fides

122 2135 362 2179 collationis
419 2147 507 2190 est,
563 2148 609 2181 ut
654 2141 738 2182 nisi
791 2141 933 2197 gravis
985 2140 1191 2196 quaedam
1240 2153 1368 2179 causa
1416 2137 1578 2192 obstat,

123 2216 291 2270 (errare
317 2218 431 2257 enim
456 2215 689 2260 humanum
711 2219 798 2273 est)
829 2221 960 2260 etiam
989 2217 1160 2260 silentio
1189 2232 1269 2259 sua
1294 2215 1401 2258 fides
1431 2215 1581 2258 haberi

123 2293 293 2337 debeat.
353 2294 500 2351 Itaque
542 2311 796 2356 quamquam
833 2300 879 2339 in
910 2297 993 2339 hoc
1026 2310 1184 2352 genere
1213 2309 1307 2351 ¹non
1336 2295 1580 2336 incuriosus

122 2372 186 2413 fui
225 2382 267 2415 et
306 2376 396 2430 ipse
435 2374 683 2432 plerumque
724 2379 951 2427 annotavi,
1000 2385 1170 2432 propter
1212 2372 1429 2417 silentium
1470 2375 1579 2428 ejus,

126 2452 196 2505 qui
223 2449 357 2495 libros
397 2454 649 2508 contulerit,
692 2456 839 2498 videri
874 2458 919 2498 in
962 2453 1224 2497 membranis
1263 2452 1345 2494 hoc
1376 2450 1445 2493 vel
1472 2451 1580 2495 illud

121 2530 341 2573 inventum
385 2548 502 2587 esse,
547 2537 636 2577 sive
673 2534 878 2587 sortasse
916 2536 976 2576 ita
1018 2533 1173 2585 fuisse,
1223 2532 1344 2574 verbi
1377 2546 1505 2575 causa
1532 2536 1580 2575 in

122 2607 425 2665 Ambrosiam,
452 2615 576 2669 juvat
603 2623 743 2657 tamen
772 2628 996 2671 apponere,
1029 2613 1279 2670 quibuscum
1305 2613 1431 2654 editis
1459 2612 1581 2655 libris
