1757 2979
213 201 293 240 452
365 195 595 252 Supplemm.
619 205 806 236 annotati.
830 194 883 234 acl
906 195 1036 246 Quint.
1056 193 1152 235 Inst.
1178 194 1280 244 XII,
1305 201 1369 245 11,
1389 200 1441 238 27
1457 202 1590 236 —3l.

325 311 363 361 §.
393 313 460 350 27.
518 313 559 349 in
578 307 741 348 bellicis.
777 305 901 346 Amb.
928 311 967 346 1.
995 309 1036 345 in
1057 307 1165 347 rebus
1188 306 1357 357 bellicis,
1399 307 1506 361 quod
1532 322 1648 360 prae-

217 389 317 419 stare
354 377 532 426 videtur,
579 377 770 429 quoniam
801 372 940 413 bellica
977 389 1059 413 non
1097 377 1275 413 absolute
1313 375 1523 424 dicuutur,
1573 376 1650 412 nisi

219 446 324 502 quod
363 445 538 484 bellicum
574 444 733 493 siguum
771 449 829 480 est
866 443 1116 493 incipiendae
1148 456 1319 494 pugnae.
1417 456 1535 493 neque
1569 442 1650 492 qui.

219 513 342 554 Amb.
369 517 405 551 1.
439 524 504 548 nec
522 510 597 562 qui.
685 507 862 561 Tyrtaci.
902 507 969 547 Sic
988 506 1075 547 Par.
1104 514 1142 548 2.
1175 523 1250 547 sec.
1274 523 1328 547 ln.
1364 506 1532 562 suerunt
1558 505 1650 545 Par.

223 587 260 622 1.
348 579 422 619 alii
444 585 579 631 postea
615 576 792 613 vicerint.
843 572 968 614 Amb.
1006 580 1043 614 1.
1075 574 1136 613 illi
1165 577 1232 629 qui
1256 585 1345 628 post
1386 589 1448 613 eos
1463 572 1649 629 suerunt,

222 664 349 688 uerum
372 655 434 693 ut,
473 656 551 696 qua
572 642 763 693 scriptura
790 643 881 680 satis
910 643 1044 680 omnia
1072 644 1349 694 explanantur.
1404 669 1409 674 ·

332 715 368 764 §.
399 715 464 750 28.
523 707 720 760 defuisset.
768 706 860 748 Par.
895 713 932 748 1.
960 714 999 749 2.
1033 723 1135 757 om.,
1175 707 1268 749 Par,
1298 713 1337 748 2.
1356 706 1432 747 seb.
1456 722 1510 745 m.
1542 708 1653 744 unius

224 790 317 822 esset
344 780 410 818 vel
427 775 521 815 solis
545 774 654 814 bonis
671 784 778 814 esset.
826 773 952 815 Amb.
977 781 1013 815 1.
1042 778 1086 814 in
1116 777 1294 828 margine
1318 773 1440 814 habet
1454 772 1652 829 defuisset,

223 852 265 888 in
284 854 398 886 textu
416 845 575 882 omittit.

335 913 372 962 §.
403 916 468 950 29.
525 924 635 962 opes,
674 907 848 946 honores.
887 905 955 946 Sic
971 906 1065 947 Par.
1089 914 1127 947 1.
1148 914 1188 948 2.
1275 911 1311 946 si
1331 919 1456 946 tamen
1481 906 1652 959 dignum.

223 979 343 1021 Amb.
369 983 407 1017 1.
431 975 713 1028 nisindignum,
753 974 821 1013 sed
841 976 994 1026 syllaba
1012 978 1052 1012 ni
1070 984 1127 1014 est
1146 976 1343 1013 secundae
1370 989 1511 1013 manus
1538 989 1655 1026 super

224 1051 343 1088 aliam
362 1047 553 1084 abrasam.
629 1044 832 1096 possessio.
866 1039 954 1080 Par.
978 1046 1015 1081 1.
1038 1047 1075 1081 2.
1092 1045 1241 1095 passio.
1317 1057 1415 1095 quae
1429 1042 1493 1094 fit.
1527 1039 1650 1079 Amb.

226 1121 263 1154 1.
295 1129 390 1169 quac
413 1115 476 1150 sit.

333 1180 370 1230 §.
403 1183 469 1218 31.
527 1175 642 1216 Haec
675 1184 796 1214 crant.
856 1173 922 1216 Sic
950 1177 1068 1228 plane
1098 1173 1222 1214 Amb.
1248 1179 1310 1225 1.‚
1352 1175 1420 1214 sed
1447 1175 1555 1214 idem
1585 1163 1652 1214 I-VL

225 1249 365 1288 uictori
386 1254 424 1285 et
443 1246 616 1301 qff'ercnt.
