1721 2974
145 128 226 164 21ss
601 128 874 185 Supplementa
902 132 1164 169 annotationis

264 240 302 291 §.
334 243 429 280 120.
484 245 640 283 atrocia
668 241 868 281 invidiose.
926 240 1065 295 Camp.
1105 243 1301 284 invidiosa
1327 257 1402 286 atr.
1453 246 1588 288 Turio.

151 316 176 343 a
208 318 268 358 pr.
304 320 361 345 m.
394 324 429 349 α.
471 310 695 356 ἰηυίᾶιιοςα,
737 324 759 348 a
788 324 866 348 sec.
905 323 960 349 m.
1003 309 1221 360 ἰηυιιῖίωεα,
1263 327 1356 351 cum
1393 312 1518 354 Amb.
1550 323 1589 355 2.

152 369 272 412 Voss.
314 378 377 427 1.;
416 374 523 416 Flor.
563 392 585 416 a
612 392 670 430 pr.
710 391 766 415 m.
806 376 1056 416 inclivicliosa.
1114 378 1223 418 Jens.
1261 377 1360 419 Loc.
1399 380 1508 420 Ven.
1558 393 1593 420 ct

150 437 362 480 invidiosa.
476 446 622 482 tristia.
673 442 810 483 Turio.
833 458 856 482 a
877 459 934 496 pr.
954 459 1007 482 m.
1038 443 1163 485 Amb.
1184 451 1223 486 2.
1255 445 1427 487 Cllouet.
1467 451 1594 487 tristi-

151 505 238 558 tia,-
274 522 369 548 cum
398 509 505 550 Flor.
538 525 560 551 a
596 526 658 564 pr.
690 526 768 561 Jn.‚
807 513 877 565 qui
907 512 974 550 dat
1012 514 1194 552 tristicia.
1305 514 1593 555 miserabiliter.

151 571 267 615 Jem.
293 572 395 616 Loc.
423 577 531 617 Ven.
563 578 811 618 mirabiliter.
907 578 1068 619 decebit.
1125 579 1217 620 I’ar.
1243 585 1281 621 1.
1305 585 1343 621 3.
1362 585 1402 622 5.
1432 597 1594 636 quoque

150 639 296 682 licebit.
432 654 474 682 ut
511 642 679 685 consum.
737 645 845 685 Flor.
880 661 962 686 om.
1001 656 1055 686 uf.
1187 647 1256 687 scd
1284 659 1426 689 tamen.
1486 649 1594 689 Flor.

151 722 233 749 nm.
282 709 363 749 sed.
421 708 532 752 Sich.
562 711 630 751 sed
659 722 701 751 ut
723 723 884 754 tantum.
941 713 1072 755 Colin.
1103 715 1172 754 sed
1192 726 1320 755 tamen
1339 726 1392 756 ut.
1493 715 1597 756 velut

149 791 215 828 pr.
271 774 394 817 Goth.
433 777 551 820 Voss.
584 785 623 821 2.
653 785 692 821 3.
725 785 854 823 omitt.
892 782 1009 824 velut.
1142 794 1185 823 at
1211 784 1342 837 plane.
1395 782 1523 824 Amb.
1556 789 1595 823 1.

152 853 193 883 et
211 844 341 898 plane.
1077 850 1082 854 ’

268 913 310 962 §.
342 918 435 954 121.
492 925 586 955 seni.
618 915 843 970 quislem—
863 918 998 958 brevit.
1047 918 1116 960 Sic
1142 917 1280 958 Turio.
1311 916 1450 971 Camp.
1473 921 1597 958 omis-

150 979 202 1018 sis
239 981 498 1022 intermediis.
610 985 851 1024 stomachum
886 985 1044 1036 judicis.
1112 984 1248 1026 Guelf.
1287 995 1504 1025 stomacum
1528 989 1598 1038 ju-

152 1045 270 1086 dices.
387 1049 552 1089 breviter
581 1053 736 1104 injecta.
796 1052 864 1092 Sic
894 1056 1015 1092 etiam
1044 1052 1170 1092 Amb.
1201 1058 1242 1092 2.
1271 1051 1361 1092 Par.
1386 1058 1423 1091 1.
1445 1055 1485 1093 5.
1517 1052 1598 1092 Co-

152 1115 253 1166 lin.;
316 1115 443 1157 Amb.
494 1123 532 1158 1.
580 1118 686 1158 Flor.
729 1120 840 1160 brevi
886 1123 1173 1173 interjectione,
1239 1118 1380 1172 Camp.
1427 1121 1599 1159 addente

153 1184 219 1220 sit.
287 1182 408 1234 [Mihi
445 1187 608 1239 quidem
651 1187 758 1225 brevi
799 1190 1061 1240 interjectione
1101 1187 1259 1227 videtur
1297 1190 1416 1226 unice
1459 1201 1601 1226 verum

155 1263 261 1300 esse,
290 1239 387 1294 liam
419 1255 488 1305 qui
516 1255 595 1292 loci
626 1252 827 1294 Ciceronjs
858 1264 994 1307 postea
1018 1255 1248 1300 laudantur,
1276 1268 1360 1293 nou
1387 1262 1482 1293 sunt
1509 1268 1602 1292 sen-

153 1319 318 1357 tentiae.
376 1317 645 1372 Interjcctione
684 1330 820 1360 autem
847 1322 891 1361 h.
926 1324 958 1360 1.
999 1324 1242 1374 significatur
1278 1336 1414 1361 sensus
1442 1324 1486 1359 iu
1513 1336 1603 1360 me·-

155 1381 269 1420 dium
306 1399 531 1425 sermonem
568 1391 734 1439 injectus
745 1417 757 1435 ,
797 1389 889 1427 vide
925 1391 1019 1427 libr.
1046 1386 1164 1440 VIII,
1196 1395 1236 1438 2,
1267 1393 1332 1438 15,
1364 1403 1467 1442 quae
1494 1391 1603 1428 vocis

154 1450 388 1501 significatio
424 1468 562 1494 vereor
602 1472 654 1494 ne
696 1458 934 1497 recentiores
975 1456 1142 1494 editores
1184 1455 1416 1508 deceperit.]
1564 1472 1605 1494 re

155 1515 244 1556 tali.
307 1517 434 1560 Aan.
469 1527 506 1561 1.
540 1524 723 1562 ordinem
751 1532 896 1563 mutat.
1011 1529 1067 1561 est
1098 1521 1184 1562 illa.
1244 1520 1378 1562 Guelf.
1409 1537 1488 1562 om.
1520 1522 1605 1563 illa.

264 1603 419 1639 genero.
479 1589 611 1629 Turic-
639 1590 774 1641 Flor.,
818 1599 984 1644 uterque
1019 1604 1042 1628 a
1069 1604 1129 1642 pr.
1164 1605 1220 1629 m.
1249 1588 1375 1629 Ajnb.
1410 1596 1450 1630 2.
1483 1590 1602 1630 Voss.

158 1656 198 1692 3.
235 1670 386 1706 genere.
444 1655 550 1696 Flor.
581 1672 603 1695 a
631 1672 708 1697 sec.
738 1672 793 1696 m.
820 1660 967 1709 generi.
1085 1657 1324 1710 auspicibus.
1385 1655 1452 1695 Sic
1484 1659 1604 1695 etiam

157 1718 283 1761 Amb.
308 1727 346 1762 2.
377 1721 468 1764 Par.
498 1730 533 1764 1.
554 1730 592 1764 2.
615 1729 653 1764 3.
728 1727 913 1778 auspicius·
939 1723 1030 1763 Par.
1053 1726 1092 1762 5.

272 1790 439 1840 §.122-
496 1793 545 1829 iis
576 1808 731 1845 quoque.
777 1790 903 1830 Amb.
926 1796 963 1829 1.
997 1788 1137 1840 Camp.
1169 1785 1304 1827 Guelf.
1336 1786 1459 1827 Goth.
1491 1788 1604 1829 Sich.

157 1854 220 1893 Izis
249 1872 408 1910 quoquc.
464 1856 591 1897 Amb.
615 1865 653 1898 2.
686 1861 719 1897 is
747 1873 784 1912 q.
899 1873 1015 1911 quam
1047 1856 1100 1894 acl
1130 1865 1267 1894 ostent.
1317 1854 1451 1894 Etiam
1480 1856 1605 1896 Aan.

159 1927 202 1962 2.
242 1922 332 1963 Par.
371 1930 407 1964 1.
439 1931 479 1965 2.
521 1930 650 1965 omitt.
692 1925 757 1965 acl.
871 1924 1119 1980 faciendum.
1176 1922 1304 1962 Aan.
1338 1928 1376 1962 2.
1422 1921 1532 1962 Jens.
1571 1932 1611 1962 et

159 1991 253 2030 edd.
294 1999 385 2030 ante
428 1990 558 2032 Colin.
598 2008 712 2032 meae
744 1997 842 2031 item
858 1991 1114 2047 faciundum.
1232 1993 1271 2028 in
1311 1991 1413 2043 ipsa.
1471 1989 1608 2030 Turio.

160 2055 302 2112 Camp.
334 2061 462 2100 omitt.
503 2063 556 2101 in.
668 2062 823 2114 irrupit.
882 2058 988 2099 Flor.
1019 2073 1041 2097 a
1072 2073 1132 2111 pr.
1162 2068 1218 2098 m.
1256 2059 1413 2109 inrupit.
1473 2054 1609 2096 Guelf.

157 2127 355 2180 irrumpit.
380 2146 382 2149 ·
653 2133 657 2137 “

278 2196 315 2244 §.
350 2199 446 2235 123.
504 2194 713 2234 audientes.
767 2193 893 2234 Aan.
917 2198 956 2234 2.
991 2192 1194 2232 audientis.
1301 2187 1434 2230 Coelii.
1485 2189 1610 2230 Amb.

163 2266 205 2302 2.
241 2260 374 2302 Coelan·
471 2273 701 2302 stertentem.
750 2261 857 2302 Flor.
887 2260 1014 2302 Amb.
1042 2265 1081 2300 2.
1111 2267 1351 2298 sternentem.
1454 2268 1613 2296 ructuo-

163 2335 240 2367 sos'.
301 2327 426 2369 Amb.
450 2335 489 2370 2.
522 2341 731 2370 rcctnosos.

278 2400 314 2448 §.
345 2398 440 2438 124.
491 2397 719 2436 cervicibus.
765 2395 947 2436 Amb.1.
979 2410 1004 2433 α
1026 2408 1126 2433 cerv.
1227 2390 1450 2430 invocabat.
1503 2390 1610 2431 Flor.

166 2461 294 2503 Amb.
323 2470 363 2504 2.
413 2479 574 2518 quoque
616 2464 860 2504 invocabant.
927 2467 930 2470 ’
993 2477 1080 2500 cum
1106 2481 1162 2489 —-
1195 2460 1420 2497 noscitur-et.
1498 2456 1614 2497 Idem

167 2530 330 2569 exhibet
358 2530 485 2570 Aan.
512 2536 549 2571 1.
579 2534 754 2571 secunda
781 2545 907 2571 manu
942 2544 1074 2569 vocem
1102 2526 1234 2564 dante·
1273 2523 1361 2563 Par·
1389 2530 1425 2564 1·
1455 2539 1614 2578 quoque

168 2598 376 2636 noscitarct
407 2597 585 2650 exhjbet‚
601 2598 705 2655 rar.
720 2606 757 2640 3.
787 2608 970 2639 nosceret.
1079 2609 1194 2648 neque
1215 2591 1250 2630 cl.
1269 2608 1297 2630 e.
1318 2608 1442 2646 neque.
1490 2590 1612 2632 Goth.
