1721 2974
436 147 489 186 acl
521 147 682 200 Quintil.
713 145 844 186 ῙηείίΙ.
876 144 912 197 J,
946 145 984 185 4.
1017 143 1284 207 §.18-25,
1525 155 1578 191 29

140 259 262 301 Goth.
297 260 437 315 Camp.
469 260 580 302 Sici).
612 260 700 302 Par.
728 265 764 299 1.
788 263 826 299 6,
858 257 928 316 (ln
961 258 1055 298 edit.
1089 256 1193 299 Pott.
1226 259 1380 299 codices
1402 265 1438 300 1.
1462 265 1499 302 3.
1520 263 1580 316 4.)

138 332 311 369 verisim.
360 327 482 369 Amb.
515 334 551 368 1.
583 328 726 384 jhc-rat
756 330 899 366 retinet
929 325 1016 365 Par.
1041 332 1079 369 2.
1196 338 1399 366 moramur
1439 324 1578 384 Camp.

137 396 245 437 Jens.
280 406 319 436 et
349 399 448 435 ullae
479 396 568 435 edd.
599 404 694 434 vett.
734 403 826 434 ante
865 393 1002 445 Sich.3
1055 409 1136 433 acc.
1170 391 1306 434 Guelf,

249 466 286 516 §.
319 468 387 504 23.
445 464 575 516 Atqui
602 465 637 500 si
667 478 705 516 q.
738 465 860 501 etiam
883 459 984 501 Tur.
1015 460 1121 501 Flor.
1153 459 1275 501 Amb.
1297 468 1334 502 1.
1365 462 1455 503 Par.
1480 469 1517 504 1.
1541 471 1581 506 2.

138 535 176 571 6.
219 529 360 585 Camp.
390 529 500 571 Jens.
527 528 651 570 Tarv.
769 540 804 568 et
834 537 926 568 ante
955 528 1159 579 didicerit,
1190 538 1236 569 ut
1266 532 1394 570 voluit
1422 530 1582 584 Burm„

137 613 217 638 om.
257 597 364 638 Flor.
481 607 517 636 et
560 606 651 636 ante
692 595 862 636 voluerit
901 599 1081 636 inserunt
1122 595 1262 637 Turio.
1307 596 1414 639 Flor.
1457 599 1582 641 Bern.

138 665 280 719 Camp.
311 665 420 706 Jens.
453 662 577 706 Tarv.
609 662 718 704 Ven.
749 661 845 704 ΑΜ.
878 663 989 705 Sioh.
1050 664 1252 718 [conferri
1279 667 1442 715 jubebat
1462 667 1586 721 Spal-

137 734 246 786 ding.
276 731 330 784 II,
364 738 402 784 3,
436 737 460 773 5
491 741 531 772 et
558 729 618 781 X,
651 736 689 779 5,
728 730 826 784 19.]
941 743 977 771 et
1016 748 1061 770 ca
1098 748 1197 787 quae
1225 743 1315 771 sunt
1343 731 1444 774 Tur.
1475 734 1583 777 Flor.

135 799 183 852 (e
222 816 303 855 quo
341 810 477 840 tamen
517 810 604 837 sunt
643 813 726 837 non
761 797 959 853 memor.)
998 797 1119 839 Amb.
1153 804 1191 840 1.
1232 798 1367 841 Guelf.
1403 801 1521 843 Voss.
1542 809 1585 846 2.

138 866 260 908 Goth.
303 866 450 923 (Gesn.
481 875 558 906 tac.
589 864 701 919 sunt)
750 865 890 920 Camp.
933 870 1042 908 Jens.
1074 865 1196 908 Tarv.
1228 876 1267 907 et
1298 869 1388 910 edd.
1419 881 1583 924 posterr.

136 945 229 975 ante
260 934 390 976 Stoer.

248 1002 285 1055 §.
325 1003 393 1042 24.
461 1000 684 1054 diligentem
733 1002 963 1056 computabo
1011 1001 1112 1044 Tur.
1165 1002 1273 1045 Flor.
1330 1003 1342 1053 (
1357 1015 1402 1045 ut
1439 1016 1584 1049 vetust.

59 1077 77 1095 '-
137 1073 310 1124 exempl.
351 1067 496 1123 Regii)
532 1067 682 1109 Almel.
811 1081 847 1109 ct
885 1081 976 1111 ante
1019 1075 1187 1126 epicocn.
1231 1075 1424 1113 omittunt
1465 1079 1586 1115 etiam

135 1137 238 1178 Tur.
270 1141 378 1179 Flor.
411 1135 561 1177 Almel.
593 1137 711 1177 Voss.
738 1142 777 1178 2.
812 1136 951 1192 Camp.
983 1140 1074 1178 fort.
1106 1137 1229 1179 Amb.
1263 1144 1327 1192 1.,
1368 1157 1462 1181 cum
1493 1144 1584 1184 edd.

136 1208 289 1245 omnib.
330 1214 421 1245 ante
463 1203 642 1259 Gryph.,
690 1220 770 1245 acc.
814 1205 915 1247 Obr.
1031 1217 1098 1245 aut
1138 1216 1230 1246 ante
1270 1209 1440 1248 neutrali
1466 1212 1586 1251 inser.

137 1274 227 1313 edd.
270 1281 362 1312 ante
403 1271 569 1320 Bur1n.,
622 1283 822 1327 quantum
866 1275 1020 1325 videos
1070 1287 1232 1326 omues3
1290 1275 1352 1315 his
1392 1279 1590 1319 accedunt

137 1339 238 1380 Tur.
266 1339 374 1380 Flor.
405 1339 545 1393 Camp.
578 1341 668 1380 fort.
700 1339 821 1380 Amb.
850 1345 911 1389 1.,
953 1341 1063 1380 haud
1093 1340 1215 1380 dubie
1246 1344 1337 1393 alii,
1386 1354 1432 1384 ut
1463 1344 1587 1387 Goth.

134 1412 251 1450 Voss.
285 1413 323 1448 1.
441 1424 574 1447 sexus,
635 1406 736 1448 Obr.
769 1409 831 1447 ed.
864 1424 973 1447 secus
1014 1409 1150 1462 (haud
1189 1411 1308 1449 dubie
1340 1427 1392 1451 ex
1416 1410 1588 1466 Argent.

137 1475 280 1530 cod.)3
310 1478 368 1516 ita
395 1472 505 1515 Alm.
530 1471 659 1526 Tur.;
699 1476 767 1514 sed
783 1473 905 1515 Amb.
929 1481 966 1516 1.
998 1480 1204 1530 vulgatam
1229 1486 1378 1519 tuetur.
1438 1481 1590 1534 [notae

136 1553 291 1597 exeget.
326 1544 426 1583 adde
459 1544 735 1583 laudationem
765 1546 846 1583 loci
875 1542 1051 1594 QuintiL
1070 1543 1152 1596 lX,
1185 1550 1225 1596 3,
1251 1544 1320 1597 6].
1436 1547 1526 1600 ille,
1565 1565 1590 1590 a

136 1610 278 1655 Burm.
302 1620 361 1651 vet
405 1610 642 1664 Spaldingio
687 1612 977 1663 desideratum,
1028 1621 1201 1666 praestat
1239 1610 1362 1655 Amb.
1395 1619 1434 1656 1.
1506 1617 1588 1670 [cf.

135 1679 319 1721 Prooem.
339 1681 433 1718 libri
453 1677 570 1730 VIII,
598 1684 622 1718 3
648 1673 798 1733 peritus
828 1678 925 1718 illc
950 1690 1194 1734 praeceptor.
1254 1679 1447 1733 Ejusdem
1474 1685 1591 1724 codi-

135 1751 190 1788 cis
221 1750 455 1787 auctoritate
486 1749 608 1786 etiam
635 1749 706 1787 lib.
735 1745 833 1800 VlI,
858 1748 898 1799 4,
920 1753 974 1789 37
1003 1748 1147 1788 itide‘m
1176 1752 1456 1803 importunum
1484 1751 1592 1793 mille

135 1819 204 1856 fiet
232 1812 369 1867 illota]

250 1885 286 1937 §.
319 1887 388 1925 25.
446 1883 535 1924 Hoc
564 1886 678 1935 loco,
720 1884 945 1924 editionum
975 1887 1316 1938 aberratiouibus,
1363 1901 1468 1942 quae
1493 1888 1591 1928 infi-

138 1954 245 1991 nitae
276 1959 394 2002 sunt,
430 1954 605 2002 omissis,
658 1952 843 1992 codicum
870 1956 1079 1992 varietates
1111 1963 1289 1994 enotasse
1318 1957 1501 1997 sufficiet.

138 2030 179 2058 ut
212 2027 304 2058 aute
337 2034 435 2072 quae
464 2034 543 2058 om.
575 2022 697 2058 etiam
722 2017 824 2059 Tur.
855 2019 961 2060 Flor.
996 2018 1120 2061 Goth.
1150 2020 1268 2061 Voss.
1296 2026 1334 2062 1.
1360 2028 1401 2064 2.
1424 2029 1463 2064 3.
1495 2024 1589 2066 Par.

141 2092 178 2126 1.
202 2092 241 2126 2.
265 2090 302 2125 6.
347 2084 514 2139 Camp.,
565 2095 603 2125 et
640 2090 739 2126 aliae
779 2088 870 2127 edd.
912 2097 1004 2128 ante
1041 2087 1144 2127 Bad.
1266 2087 1465 2131 Ciceronis
1496 2101 1592 2132 ante

138 2153 270 2210 Rzgf'os
297 2155 416 2192 inser.
451 2154 540 2192 edd.
573 2155 666 2193 inde
699 2169 722 2194 a
750 2153 880 2195 Stoer.
912 2171 1038 2209 usque
1063 2156 1114 2194 ad
1143 2154 1310 2207 Burm.3
1350 2172 1432 2197 om.
1463 2155 1590 2200 Goth.

138 2219 238 2261 Tur.
270 2220 377 2260 Flor.
421 2219 510 2260 Par.
547 2224 584 2260 6.
630 2220 770 2275 Camp.
803 2224 885 2261 alii.
946 2220 1094 2275 (Amb.
1123 2228 1160 2262 1.
1196 2227 1332 2263 omnia
1360 2228 1512 2266 omittit
1538 2229 1592 2267 ab

137 2290 223 2329 his:
255 2299 297 2327 ut
324 2304 423 2343 quae
451 2303 576 2342 usque
608 2288 659 2327 ad
693 2288 938 2342 Cicerones).
999 2300 1040 2328 ut
1058 2299 1150 2329 ante
1170 2288 1303 2345 Rufos
1323 2294 1402 2332 ins.
1430 2291 1524 2335 Par.
1542 2300 1586 2336 2.

139 2358 230 2397 edd.
272 2365 368 2396 vett.
418 2358 584 2395 multae.
651 2365 692 2395 ut
731 2355 923 2395 Allobros
967 2355 1104 2396 Cicero
1140 2355 1272 2413 R1ffbs
1310 2356 1402 2400 Par.
1435 2364 1476 2400 1.
1518 2360 1592 2416 (ut

137 2424 257 2465 Voss.
289 2429 326 2464 1.
365 2425 448 2462 fere
460 2423 488 2477 ).
607 2424 673 2462 nbi
701 2425 800 2474 crit‚·
846 2426 902 2463 ita
941 2426 1062 2463 etiam
1093 2422 1236 2467 Turio.
1265 2424 1385 2467 Voss.
1404 2433 1448 2469 2.
1477 2427 1589 2470 Flor.

137 2491 228 2533 Par.
255 2496 292 2531 1.
312 2497 351 2532 2.
376 2496 412 2531 6.
444 2488 566 2540 ΑΜΒ.
593 2496 629 2530 1.
664 2489 804 2544 Camp.
838 2491 927 2531 edd.
962 2501 1058 2532 vett.
1089 2495 1320 2548 pleraeque.
1433 2505 1479 2535 ut
1494 2505 1590 2537 ante

137 2560 273 2599 Sullae
311 2574 392 2599 om.
437 2561 559 2598 etiam
595 2556 696 2599 Tur.
725 2557 832 2598 Flor.
864 2557 958 2601 Par.
986 2563 1023 2600 1.
1053 2564 1095 2601 2.
1117 2565 1154 2600 6.
1189 2559 1332 2615 Camp.
1362 2569 1404 2603 et
1431 2572 1588 2604 ceterae

139 2629 229 2668 edd.
261 2636 354 2668 ante
377 2626 517 2669 Burm.
550 2641 712 2678 omnes,
755 2627 847 2667 fort.
877 2623 1000 2667 Amb.
1026 2630 1064 2668 1.
1123 2627 1296 2682 Burrhi3
1339 2627 1455 2671 burri
1481 2627 1586 2674 Tur.
