1721 2974
158 174 211 208 815
563 198 570 203 -
599 170 869 224 Supplementa
902 171 1164 208 annotationis·

161 295 309 335 quoque
326 280 476 321 habent
498 289 658 323 tautum
677 280 798 322 Tarv.
816 279 924 321 Veu.
948 279 1046 321 Ald.
1062 314 1072 332 ‚
1104 284 1248 337 quibus
1269 282 1402 322 acced.
1422 286 1541 324 Amb.
1570 292 1607 327 1.

162 362 186 388 a
206 363 283 388 sec.
304 363 359 388 m.
389 346 527 389 Turio.
549 364 571 388 a
589 365 649 402 pr.
671 363 725 388 m.
755 348 863 388 Flor.
893 346 1010 387 Alm.
1065 349 1278 404 idoneaque
1309 347 1449 390 Turic.
1478 366 1502 390 a
1529 367 1607 393 sec.

161 429 218 454 111.
246 413 364 455 Bodl.
391 415 492 456 Obr.
552 416 710 466 idonea,
743 430 823 456 om.
845 431 929 469 que,
961 413 1102 470 Camp.
1219 416 1426 458 dictorum.
1484 417 1611 459 ‹licto-

165 499 243 522 rem
266 482 372 523 Flor.
398 498 421 522 a
440 498 498 537 pr.
518 498 573 523 111·
597 481 737 525 Turio.
854 484 894 521 in
914 486 1057 524 causis.
1116 486 1157 524 in
1182 487 1278 539 ipsis
1307 486 1436 524 causis
1468 484 1609 539 Camp.

160 563 254 589 cum
281 548 414 590 Andr.
532 550 791 590 auctoritatis.
848 549 1034 589 utilitatis
1059 549 1194 592 Guelf.
1223 566 1317 591 cum
1337 550 1449 593 Sioh.
1468 567 1595 606 marg.

273 619 309 669 ξ.
343 621 381 659 5.
438 616 664 671 plurimum.
726 615 903 670 plurium
942 621 1064 657 etiam
1099 616 1239 659 Turio.
1267 617 1373 659 Flor.
1409 617 1538 659 Amb.
1570 624 1611 660 2.

159 681 286 724 Paris.
309 688 347 725 5.
463 694 543 722 tum
560 684 672 737 fieri.
717 685 820 738 fieri
849 694 930 723 tum
962 683 1070 730 FLor.
1187 686 1439 726 elimaverint.
1497 685 1614 734 lima-

159 753 284 790 verint
303 754 425 792 etiam
445 749 560 791 sich.
589 749 716 791 Amb.
739 756 779 792 2.
805 749 931 793 Paris.
958 755 998 792 5.

704 872 736 914 C
770 887 798 913 A
830 888 869 913 P.
927 870 1069 913 Vlll.

272 949 308 1001 ς.
342 954 379 990 1.
439 951 481 989 in
507 952 571 991 iis.
631 952 672 990 in
695 950 757 990 his
785 949 915 994 Amb.
939 955 976 993 1.
1009 949 1146 991 Guelf.
1182 949 1324 1004 Camp.
1353 949 1467 993 sich.
1489 950 1612 995 Tarv.
1688 987 1690 990 ,

159 1013 268 1055 Ven.
382 1033 517 1071 paene.
573 1015 636 1058 Ita
656 1017 784 1059 Amb.
816 1024 883 1070 2.,
911 1033 995 1059 non
1006 1018 1124 1074 fiere,
1153 1027 1200 1058 ut
1221 1016 1357 1059 Guelf.

271 1083 306 1134 ξ.
339 1089 378 1128 2.
435 1084 670 1139 probabant.
733 1085 903 1140 probant
941 1089 1064 1126 etiam
1101 1084 1225 1126 Paris.
1258 1089 1296 1124 1.
1341 1085 1437 1126 edit.
1469 1084 1612 1141 Camp.
1687 1111 1691 1118 ·

158 1146 270 1194 Sic-h,
326 1151 549 1206 probabant
572 1151 738 1194 Pottier.
762 1167 815 1193 ex
841 1151 965 1193 Paris.
989 1158 1028 1193 2.
1060 1167 1139 1192 sec.
1166 1166 1275 1192 man.
1300 1161 1341 1192 et
1360 1155 1399 1193 5.
1421 1157 1612 1195 enotavit.

271 1219 306 1269 ξ.
337 1223 375 1259 3.
433 1222 602 1274 propria
618 1230 697 1261 nat.
724 1220 827 1260 bona
846 1219 1028 1260 doctrina
1032 1219 1235 1276 foverent.
1278 1223 1470 1274 propriae
1483 1219 1612 1263 Amb.
1668 1245 1676 1249 <

159 1287 197 1322 1.
221 1298 243 1322 a
263 1299 342 1325 sec.
364 1300 419 1331 m.
446 1285 586 1341 Camp.
647 1298 792 1328 natura
819 1303 891 1342 pro
917 1287 1104 1327 doctrina
1129 1286 1282 1326 habent
1300 1285 1408 1327 Flor.
1432 1302 1456 1326 a
1475 1303 1536 1342 pr.
1555 1303 1612 1333 m.

158 1346 300 1391 Turio.
332 1351 399 1405 (in
428 1353 507 1392 hoo
535 1369 558 1393 a
588 1369 666 1394 sec.
698 1369 754 1394 m.
787 1369 886 1395 corr.
916 1351 1130 1409 naturam)
1161 1368 1256 1394 omn
1284 1352 1400 1394 Alm.
1459 1353 1612 1398 Totum

154 1418 293 1457 locum
316 1421 371 1458 ita
393 1420 462 1460 dat
483 1420 612 1461 Amb.
633 1426 671 1461 1.
705 1431 748 1461 ut
772 1439 836 1476 pr.
864 1431 945 1461 nat.
970 1421 1072 1462 hona
1094 1420 1298 1461 doctrinae
1310 1420 1500 1477 faverint.

155 1487 206 1522 sit
222 1502 358 1540 praep.
414 1505 550 1542 praep.
573 1490 625 1528 sit
645 1486 773 1532 Amb.
798 1493 837 1529 1.
858 1487 996 1529 Turio.
1014 1490 1125 1529 Flor.
1151 1486 1294 1542 Camp.
1314 1487 1424 1531 Jells.
1446 1498 1486 1530 et
1509 1498 1614 1544 post.

157 1559 250 1591 ante
277 1551 434 1608 Gryph.

267 1622 303 1671 §.
335 1623 375 1665 4.
432 1633 736 1678 praeceptorem.
791 1633 1023 1678 praeceptor
1067 1624 1189 1663 etiam
1230 1621 1338 1664 Flor.
1377 1635 1401 1661 a
1440 1636 1518 1665 sec.
1554 1636 1612 1665 111.

154 1683 282 1728 Amb.
315 1693 353 1729 1.

269 1757 305 1807 §.
339 1761 379 1796 5.
439 1758 545 1812 quod
565 1769 601 1797 et
618 1758 766 1812 adjuta.
823 1767 857 1797 et
889 1758 1020 1796 omitt.
1052 1755 1192 1797 Turio.
1227 1755 1368 1810 Camp.
1485 1759 1616 1812 quiin

156 1820 235 1861 (liv.
293 1823 410 1865 Hanc
438 1827 655 1867 lectionem
682 1833 849 1866 tuentur
876 1823 1004 1865 Amb.
1038 1829 1077 1866 1.
1108 1830 1176 1875 2.3
1218 1839 1313 1864 cum
1331 1822 1472 1865 Burm.
1489 1856 1500 1876 ‚
1543 1827 1615 1881 qui

153 1892 345 1940 praetulit
362 1894 409 1938 si,
440 1902 596 1947 praeter
614 1908 707 1933 mss.
726 1891 847 1933 Bodl.
861 1889 951 1932 Bal.
965 1890 1082 1932 Alm.
1105 1891 1295 1932 videntur
1315 1893 1447 1931 facere
1459 1890 1614 1943 Turio„

153 1954 287 2008 Flor.,
318 1968 358 1999 et
376 1962 529 2002 faciunt
551 1961 693 2000 diserte
725 1958 848 2000 Paris.
879 1962 917 1998 1.
950 1957 1092 2011 Camp.
1209 1973 1279 1998 nec
1308 1960 1350 1997 in
1376 1961 1440 2000 iis.
1499 1976 1616 2015 neque

154 2024 195 2061 in
214 2023 275 2063 his
295 2024 420 2067 Amb.
444 2033 480 2068 1.
505 2027 642 2068 Turio.
666 2026 697 2067 F
700 2030 775 2068 lor.
799 2024 935 2068 Guelf.
961 2024 1104 2079 Camp.
1220 2027 1348 2065 minus
1367 2040 1446 2066 om.
1470 2025 1611 2082 Camp.

237 2094 278 2130 in
303 2110 414 2147 quae.
474 2098 515 2135 in
540 2113 617 2150 qua
644 2094 766 2137 Goth.
787 2093 914 2134 Amb.
938 2099 979 2134 2.
1515 2111 1519 2117 ·

266 2161 303 2212 §.
337 2166 375 2202 6.
437 2161 639 2217 dispicere.
681 2162 876 2217 despicere
895 2160 1021 2211 Jens„
1051 2158 1214 2214 aReglo
1233 2160 1279 2199 in
1296 2161 1402 2200 notis
1423 2162 1610 2214 emend.;

152 2229 298 2268 retinet
315 2236 449 2270 tamen
474 2232 577 2271 illud
603 2231 708 2286 desp.
733 2233 841 2272 Ven.

265 2298 301 2346 ξ.
332 2302 372 2337 7.
433 2298 533 2336 stud.
562 2298 657 2354 fite.
708 2297 804 2354 fac.
837 2296 939 2338 stud.
975 2294 1099 2337 Goth.
1215 2292 1414 2334 delectum.
1478 2295 1608 2339 dilect.

151 2358 289 2402 Turio.
318 2367 348 2404 F
352 2368 425 2406 lor.
451 2363 586 2406 Guelf.
612 2366 738 2406 Amb.
763 2370 802 2409 2.
918 2375 959 2402 ut
979 2379 1094 2403 norm.
1155 2360 1215 2401 At
1234 2377 1272 2402 η.
1309 2360 1449 2416 Camp.
1471 2361 1607 2404 Andr.

239 2445 292 2468 cyr
310 2434 371 2472 iis.
421 2449 475 2473 ex
495 2434 554 2474 his
578 2433 705 2474 Amb.
719 2439 757 2474 1.
771 2439 810 2476 2.
832 2431 968 2473 Turio.
993 2429 1126 2472 Guelf.
1244 2427 1410 2472 dicendi.
1457 2430 1609 2472 discen-

155 2492 197 2533 (ἶί
225 2495 350 2538 Amb.
380 2505 415 2539 1.

268 2565 304 2613 ἕ·
338 2572 377 2606 S·
440 2568 536 2620 [De
563 2570 691 2610 sacris
721 2568 995 2610 certaminibus
1022 2566 1124 2608 adde
1158 2567 1321 2619 praefat.
1347 2563 1486 2605 V01.1
1516 2581 1610 2619 pag..

154 2627 409 2685 LXXXII]
