1721 2974
398 167 454 207 ad
483 164 649 222 Quintil.
677 164 807 207 Instit.
838 164 875 216 1,
905 169 945 206 6.
978 165 1016 217 §.
1049 166 1248 209 35-43,
1494 175 1549 215 49

99 281 348 334 jungendum
387 297 491 333 esse,
540 283 569 321 i,
600 297 635 321 e.
673 281 774 322 haee
809 281 909 321 ratio
948 282 1161 320 verborum
1202 283 1486 335 appellat10nes
1521 302 1544 327 a

98 351 348 389 naturalibus
379 352 506 389 causis
527 350 578 388 ad
596 351 927 401 significationem
947 349 1206 388 convertendi
1227 347 1414 403 (τρέπειν,
1437 354 1546 394 unde

99 413 286 470 τρόπος)
327 432 373 457 ac
414 417 573 456 videtur
611 417 716 455 mihi
754 414 1031 469 Quintilianus
1070 419 1192 456 etiam
1231 417 1337 456 hanc
1375 434 1491 459 avem
1521 436 1546 461 a

100 499 199 523 voce
233 500 306 524 sua
344 486 585 537 appellatam
621 493 795 536 putasse.
853 482 1047 523 Varronis
1077 493 1214 523 autem
1241 488 1546 538 originationem

98 552 190 590 vide
232 554 335 591 libro
376 549 420 591 V
460 552 609 603 (vulgo
638 547 730 604 IV)
769 566 804 591 c.
837 554 887 590 11
919 550 1013 591 edit.
1044 549 1234 604 Spengel.
1263 567 1304 605 p.
1330 552 1430 604 81.]

97 617 205 672 quod
243 627 335 657 ante
375 617 536 672 quidam
571 620 691 658 inser.
733 617 872 658 Turio.
919 617 1026 658 Flor.
1072 617 1188 659 Alm.
1228 616 1362 660 Guelf.
1404 619 1545 678 Camp.

99 683 193 738 [Cf.
221 684 430 739 Spalding.
461 689 505 724 in
538 688 664 738 praef.
698 684 795 733 Vol.
820 683 842 725 I
878 701 918 739 p.
946 682 1207 738 LXXVH.]
1319 686 1481 742 Longus
1509 702 1547 731 et

96 750 230 808 Rffus
259 751 368 808 (vid.
399 752 539 806 Spald.
571 761 656 791 not.
690 749 875 807 exeget,)
907 753 1066 793 videtur
1086 751 1186 794 Obr.
1212 768 1265 794 ex
1284 752 1543 809 Argentorat.

98 820 274 872 dedisse3
324 823 383 860 ita
421 822 533 858 enim
569 817 709 859 Turio.
749 818 857 860 Flor.
983 831 1163 875 strepere.
1220 832 1379 862 stertere
1405 823 1543 868 Turic.

97 884 250 940 (habet
290 889 400 926 enim
434 897 679 926 stertet-emus
719 884 885 941 murm.)
926 886 1034 928 Flor.
1074 886 1219 930 Baliol.
1260 888 1399 945 Camp.
1440 892 1542 935 Obr.

96 955 190 994 fort.
222 953 350 994 Amb.
383 960 421 996 1.
479 965 689 1009 extr-epere
718 951 854 994 Guelf.
883 953 1007 995 Bern.
1047 954 1175 996 Amb.
1204 962 1245 998 2.
1355 957 1548 1016 pluraque

97 1025 223 1061 etiam
249 1021 378 1063 Amb.
410 1030 451 1065 2.
482 1024 589 1062 Jens.
620 1021 710 1062 Par.
734 1027 775 1062 2.
799 1026 838 1061 6.
893 1021 1082 1077 pleraque
1106 1021 1197 1064 Par.
1220 1029 1258 1064 1.
1292 1022 1432 1080 Camp.

214 1091 251 1141 §.
285 1095 352 1132 39.
410 1091 531 1129 verba
560 1100 595 1128 et
623 1105 649 1128 a
674 1099 749 1129 vet.
781 1087 919 1129 Turio.
949 1089 1056 1130 Flor.
1075 1089 1230 1135 Almel.
1261 1091 1402 1146 Camp.
1433 1094 1542 1137 Jens.

98 1165 140 1196 et
170 1166 263 1198 cett.
297 1159 389 1199 edd.
425 1167 518 1198 ante
549 1155 731 1211 Gryph.,
784 1171 872 1196 exc.
902 1156 1121 1210 Sichardo,
1170 1161 1242 1213 qui
1276 1175 1368 1199 cum
1407 1160 1542 1204 Guelf.

99 1228 250 1265 omittit
279 1235 315 1263 et
344 1241 383 1266 a.
501 1225 569 1264 secl
607 1233 699 1264 ante
737 1225 854 1263 etiam
897 1239 978 1264 om.
1017 1224 1153 1266 Turic.
1194 1225 1302 1268 Flor.
1344 1242 1367 1268 a
1394 1244 1455 1283 pr.
1484 1245 1544 1272 111,

97 1291 214 1333 Α1111.
244 1291 371 1335 Amb.
398 1298 438 1335 2.
471 1290 606 1333 Guelf.
641 1290 781 1344 Camp.
900 1291 995 1345 aliq.
1022 1295 1116 1346 maj.
1145 1292 1253 1334 Flor.

213 1361 250 1410 §.
283 1361 352 1400 40.
414 1359 508 1413 [De
547 1360 669 1399 verbo
708 1358 926 1398 exanclare
963 1360 1056 1399 vide
1094 1359 1298 1401 Addenda
1328 1365 1373 1402 in
1398 1368 1543 1418 prafat.

96 1426 194 1468 Vol.
227 1425 249 1466 I
284 1443 326 1480 p.
355 1424 619 1477 LXXVII.]
736 1426 870 1465 crebre
914 1425 1052 1467 Turio.
1102 1426 1210 1468 Flor.
1249 1428 1365 1472 Alm.
1407 1429 1544 1476 Guelf.

98 1493 237 1547 Camp.
350 1493 560 1550 mant'fcste
579 1492 715 1534 Turio.
736 1490 844 1533 Flor.
865 1492 980 1534 Alm.
1004 1492 1138 1536 Guelf.
1160 1494 1285 1536 Amb.
1306 1502 1346 1538 2.
1454 1511 1546 1556 top-

92 1578 177 1616 per.
237 1578 358 1617 opper
375 1561 512 1602 Turio.
533 1560 641 1601 Flor.
702 1577 795 1615 oper
822 1559 948 1602 Amb.
977 1566 1015 1602 1.
1047 1565 1156 1603 facili
1181 1578 1324 1604 errore.
1431 1578 1544 1608 ante—

92 1631 204 1682 gerio
244 1629 384 1671 Turio.
425 1630 533 1671 Flor.
572 1628 699 1669 Amb.
736 1632 775 1669 1.
805 1634 844 1669 2.
891 1626 1026 1670 Guelf.
1065 1629 1183 1672 Voss.
1207 1635 1248 1673 3.
1277 1630 1386 1673 Jens.
1418 1633 1542 1678 Tarv.

95 1697 205 1738 Ven.
236 1697 337 1739 ΑΜ.
373 1698 444 1738 sed
476 1700 630 1737 obstare
660 1696 819 1737 videtur
850 1697 946 1736 ordo
975 1700 1200 1739 litterarum
1227 1700 1335 1755 apud
1362 1699 1542 1746 Festum.

97 1764 161 1807 Cf.
195 1767 247 1806 ad
276 1762 394 1818 VIII,
427 1769 467 1816 3,
497 1768 566 1805 25.

209 1835 248 1885 §.
278 1834 347 1874 41.
407 1833 656 1891 congregatis
677 1833 800 1872 etiam
818 1830 942 1873 Paris.
965 1838 1002 1874 1.
1026 1839 1065 1877 5.
1097 1834 1196 1877 Tur.
1219 1834 1328 1879 Flor.
1351 1835 1478 1880 Amb.
1499 1846 1541 1884 2.

99 1899 239 1954 Camp.
301 1903 538 1941 consecratis
566 1900 674 1941 Flor.
707 1915 731 1940 a
757 1916 813 1941 m.
835 1915 916 1942 sec.
946 1901 1070 1943 Paris.
1094 1908 1134 1943 2.
1156 1913 1197 1944 et
1218 1908 1257 1946 5.
1289 1920 1312 1945 a
1329 1921 1409 1948 sec.
1429 1922 1542 1951 man.

209 1972 246 2020 §.
278 1969 346 2008 42.
406 1969 467 2007 his
503 1969 630 2008 verbis
665 1969 803 2010 Tul-ic.
843 1969 951 2010 Flor.
988 1968 1115 2010 Amb.
1146 1976 1185 2011 1.
1228 1972 1354 2013 Goth.
1396 1973 1539 2029 Camp.

97 2043 139 2074 et
178 2043 272 2074 cett.
315 2035 404 2074 edd.
444 2044 535 2074 ante
572 2035 702 2077 Stoer.
818 2036 1036 2076 tubat-chin.
1081 2046 1248 2078 tuentur
1281 2043 1403 2080 etiam
1431 2040 1541 2084 Flor.

95 2101 223 2142 Amb.
263 2107 303 2141 2.
350 2103 442 2141 fort.
481 2100 646 2155 Turic.3
703 2103 988 2144 tiburciabund.
1031 2102 1171 2157 Camp.
1294 2105 1543 2161 lurchinab.‚·

28 2163 31 2165 ’
96 2172 155 2210 ita
182 2171 305 2208 etiam
333 2167 471 2208 Tmic.
500 2167 609 2209 Flor.
641 2168 768 2209 Amb.
799 2175 837 2209 1.
896 2169 1088 2210 Zur-chiab.
1127 2170 1251 2212 Pasis.
1275 2177 1314 2213 1.
1343 2172 1472 2216 Amb.
1497 2181 1538 2218 2.

98 2236 265 2277 lurciaB.
308 2234 448 2289 Camp.
559 2235 693 2290 placet
729 2239 851 2276 etiam
887 2236 995 2276 Flor.
1033 2235 1160 2278 Amb.
1193 2242 1232 2278 1.
1263 2245 1304 2280 2.
1341 2238 1466 2283 Paris.
1499 2246 1539 2284 5.

99 2303 242 2358 Camp.
354 2303 513 2358 placeat
541 2302 665 2344 Paris.
690 2308 728 2344 1.
749 2309 791 2345 2.
903 2303 1124 2357 gladiolam
1150 2304 1259 2346 Jens.
1292 2305 1413 2349 Tarv.
1435 2308 1539 2351 Ald.

98 2371 180 2426 (cf.
211 2371 351 2426 Spald.
381 2369 537 2425 notas).
653 2369 772 2411 colles
800 2369 936 2411 Turio.
973 2370 1091 2411 Bodl.
1122 2369 1260 2427 Camp.
1291 2372 1426 2416 Andr.

211 2441 245 2494 ᾗ.
274 2440 343 2479 43.
404 2438 525 2479 locuti
570 2440 676 2489 sint5
732 2440 790 2478 ita
834 2440 958 2477 etiam
1004 2438 1126 2479 Paris.
1159 2445 1199 2481 2.
1239 2438 1367 2482 Amb.
1402 2447 1441 2484 1.
1471 2448 1538 2497 2.;

101 2510 222 2546 ceteri
248 2509 455 2559 vulgatam
482 2509 698 2546 lectionem
727 2516 815 2545 sunt
847 2506 938 2545 dare
967 2507 1173 2556 videntur,
1217 2516 1257 2549 et
1284 2509 1426 2550 diserte
1446 2513 1541 2551 lau-

98 2573 244 2612 dantur
271 2572 396 2614 I'aris‚
420 2579 456 2614 1.
481 2579 519 2614 3.
545 2578 582 2615 5.
699 2575 767 2629 qui
794 2572 1001 2629 loquantur
1030 2573 1168 2616 Turio.
1199 2589 1222 2615 a
1251 2590 1311 2630 pr.
1341 2590 1398 2617 111.
1429 2577 1537 2620 Flor.

98 2639 224 2680 Amb.
252 2646 293 2683 2.
321 2639 438 2681 Alm.
468 2640 585 2682 Voss.
605 2645 643 2681 3.

143 2720 243 2753 Τοηι.
269 2719 313 2757 V.
1034 2705 1074 2747 D
