1721 2974
345 147 398 189 αιῖ
429 147 594 202 Quintil.
625 146 753 188 Instit.
789 144 866 195 VI,
907 152 945 186 3.
987 146 1025 196 §.
1063 149 1258 186 10—20.
1445 149 1526 187 329

80 262 291 315 rigendum
323 272 480 303 censet:
528 262 631 315 Quin
660 265 747 317 ipsa
768 261 842 302 illa
863 261 994 309 (licta,
1037 275 1134 315 quae
1152 259 1361 298 sententiae
1382 274 1528 299 vocan-

78 341 161 379 tur,
214 346 310 384 quas
351 333 466 371 certis
502 354 558 362 -·-
593 330 772 371 solemus.
847 327 935 384 Ipse
972 337 1109 368 tamen
1146 324 1405 379 Spaldingius
1441 335 1530 379 post

79 398 233 437 editum
261 400 410 438 librum
423 396 553 438 'dicta
585 409 672 437 sunt
702 408 736 436 et
765 407 957 437 vocantur
987 409 1129 437 verum
1157 397 1337 448 putavit,
1370 396 1528 434 confer-

81 468 194 520 rique
236 468 347 516 jussit
386 465 470 506 Cic.
501 469 544 504 in
573 464 692 505 Verr.
725 463 801 516 IV,
835 470 883 506 51
928 474 1030 505 extr.
1071 472 1111 504 et
1150 471 1288 503 contra
1326 460 1439 501 Rqu.
1471 459 1527 512 II,

79 537 157 585 303
221 536 318 573 item
357 533 466 573 dicta
504 532 632 572 dicere
663 535 838 572 insolens
867 533 1015 572 habere
1046 532 1186 582 desiit,
1248 530 1475 569 admonitus
1508 544 1530 567 a

80 601 252 641 censore
283 601 377 641 edit.
411 615 506 640 suae
529 603 573 639 in
593 599 706 653 AJJg.
729 598 814 640 Lit.
837 599 944 640 Zeit.
966 599 1090 651 1804,
1119 601 1189 653 qui
1212 600 1393 638 locorum
1413 595 1530 637 Cice-

78 671 185 708 ronis
216 669 265 708 de
297 659 412 709 Orat.
443 674 484 719 2,
515 673 567 708 60
597 677 636 707 et
663 670 786 720 ipsius
818 666 963 719 Quint.
994 665 1072 718 VI,
1106 672 1146 718 3,
1179 671 1231 706 60
1266 681 1359 705 eum
1389 665 1533 704 admo-

78 738 181 776 nuit.
243 735 506 790 Omninoque
544 735 693 775 (lictum
730 739 974 776 vocabulum
1016 738 1225 788 proprium
1269 734 1318 773 de
1359 733 1531 772 dicteriis

78 806 161 842 sive
197 806 297 843 salse
337 804 450 843 dictis
489 813 567 854 est,
619 804 730 859 quod
769 813 934 857 apparet
971 818 1024 842 ex
1061 805 1184 842 simili
1221 804 1310 841 loco
1353 799 1439 841 Cic.
1482 801 1532 839 de

81 869 195 911 Orat.
226 876 266 922 2,
300 871 352 912 54
383 880 484 911 extr.
542 869 683 926 Itaque
713 874 850 910 locum
886 873 941 910 sic
972 873 1129 910 facilius
1161 870 1213 909 ad
1243 872 1421 924 aliquam
1448 871 1535 909 veri

77 939 383 977 similitudinem
419 941 627 980 restitues:
684 939 788 990 Quin
819 938 892 977 illa
923 940 1035 992 ipsa,
1076 953 1176 992 quae
1204 936 1351 976 dicta
1379 947 1468 975 sunt
1500 946 1535 974 et

76 1016 280 1058 vocantur,
315 1023 414 1061 quae
429 1030 486 1038 -
505 1006 634 1047 dicere
651 1006 869 1046 solebamus
890 1005 929 1058 (i.
953 1021 988 1046 e.
1009 1006 1279 1044 adolescentes
1304 1002 1418 1057 olim)
1440 1001 1534 1057 cet]

161 1075 210 1114 si.
270 1072 394 1115 Goth.
425 1074 504 1114 secl.
615 1072 791 1130 paulum.
850 1071 974 1114 Goth.
1004 1072 1124 1114 Voss.
1143 1078 1184 1114 2.
1218 1070 1361 1125 Camp.
1389 1070 1534 1125 paulu-

79 1139 172 1181 lum.
285 1153 476 1197 poterant.
527 1141 595 1183 Sic
625 1145 749 1182 etiam
777 1141 886 1182 Flor.
916 1141 1007 1182 Par.
1033 1146 1071 1181 1.

193 1210 233 1260 §.
265 1214 331 1251 17.
389 1221 518 1250 tamen
539 1214 587 1251 si.
638 1210 780 1264 Camp.
801 1226 833 1250 s.
853 1220 881 1249 t.
982 1208 1280 1266 praeferentem.
1328 1205 1396 1249 Sic
1415 1210 1536 1247 etIam

79 1275 206 1318 Amb.
248 1282 286 1319 1.
330 1278 440 1319 Flor.
487 1279 579 1319 Par.
622 1285 661 1320 1.
730 1277 841 1319 Sich.
876 1294 974 1332 prae
1012 1294 1052 1317 se
1094 1276 1296 1333 ferentem.
1427 1292 1537 1316 sono.

79 1344 205 1386 Amb.
243 1351 282 1387 1.
324 1350 446 1387 etiam
485 1363 588 1388 soso.
706 1357 742 1386 et
770 1370 827 1378 -
856 1361 1030 1387 convers.
1089 1344 1228 1386 Turio.
1260 1360 1284 1385 a
1313 1359 1373 1398 pr.
1404 1359 1462 1384 m.
1494 1354 1537 1383 ut

80 1425 274 1468 sumptam
303 1425 339 1453 et
369 1431 479 1455 conv.

195 1484 232 1533 §.
257 1488 323 1524 18.
356 1485 584 1538 accipimus·
632 1482 742 1523 Flor.
773 1497 934 1538 quoque
964 1483 1199 1536 accepimus.
1284 1489 1412 1535 oport.
1442 1496 1536 1521 esse.

80 1549 190 1592 Flor.
221 1554 344 1592 etiam
373 1568 454 1591 esse
482 1562 609 1606 oport.
729 1550 877 1590 salsum
897 1552 960 1591 sit.
1016 1548 1144 1590 Amb.
1167 1553 1205 1589 1.
1235 1547 1345 1589 Flor.
1370 1565 1454 1588 sum
1472 1550 1538 1589 sit.

164 1635 241 1659 non
271 1621 378 1674 quia.
438 1618 575 1661 Guelf.
609 1618 748 1673 Camp.
778 1633 903 1671 marg.
925 1617 1077 1659 Vidov.
1109 1633 1199 1655 nam
1217 1618 1321 1670 quia.
1410 1614 1539 1655 Nulla

77 1709 135 1718 -—
164 1687 275 1729 salis.
335 1687 404 1729 Sic
435 1691 558 1727 etiam
594 1686 722 1727 Amb.
757 1692 795 1727 1.
826 1686 936 1727 Flor.
1062 1700 1139 1724 non
1169 1683 1259 1724 hoc.
1317 1682 1387 1724 Sic
1417 1687 1539 1723 etiam

79 1754 204 1796 Amb.
233 1761 270 1797 1.
388 1755 491 1804 nihil
517 1758 568 1794 in.
632 1753 767 1796 Guelf.
798 1758 919 1795 inser.
950 1765 1019 1794 est.

192 1825 227 1876 §.
261 1830 326 1867 19.
383 1826 467 1863 erit.
521 1823 590 1865 Sic
621 1823 746 1865 Goth.
775 1834 913 1865 contra
933 1821 1078 1874 Gesn.‚
1120 1818 1256 1861 Guelf.
1279 1829 1349 1859 est.
1436 1818 1541 1874 quod

82 1908 169 1931 non.
227 1890 335 1932 Flor.
369 1895 460 1946 quia
491 1909 530 1932 n.
629 1892 830 1932 insulsum.
890 1891 1028 1931 Turic-
1060 1905 1083 1928 a
1109 1904 1171 1942 pr.
1202 1903 1258 1928 m.
1288 1887 1397 1927 Flor.
1425 1885 1538 1927 AJJn.

82 1958 286 1998 insalsum.
401 1961 610 2001 orationis.
658 1959 766 2000 Flor.
798 1976 821 2000 a
840 1977 900 2014 pr.
923 1974 980 1999 m.
1006 1960 1170 1998 omittit.
1280 1954 1367 2009 jud.
1390 1978 1447 1985 —-
1463 1970 1543 1994 ex·-

83 2029 267 2081 citaique.
326 2025 434 2068 Flor.
463 2027 552 2081 jud.
582 2043 620 2068 v.
645 2046 684 2083 p.
715 2030 802 2067 exit
832 2028 880 2082 (a
900 2043 978 2067 sec.
1003 2041 1060 2066 m.
1085 2022 1227 2077 extat)
1259 2033 1389 2077 atque.
1447 2022 1541 2063 Par.

81 2100 121 2136 2.
156 2095 244 2149 jud.
286 2105 323 2134 et
359 2111 395 2137 v.
430 2096 610 2151 palatum
649 2098 776 2136 excit.
813 2095 931 2150 quod.
1047 2093 1089 2131 hi
1118 2107 1279 2146 quoque.
1340 2089 1481 2144 Camp.
1510 2091 1544 2129 ii

82 2179 242 2219 quoque.
358 2167 478 2203 sitim.
537 2164 645 2205 Flor.
687 2166 764 2203 sint
804 2166 857 2204 in.
933 2161 1074 2214 [Nihil
1101 2162 1222 2213 igitur
1251 2159 1315 2198 his
1344 2161 1542 2199 librorum

81 2247 175 2272 mss.
204 2234 461 2272 varietatibus
491 2233 541 2272 ad
560 2232 855 2272 restituendum
874 2234 1010 2270 locum
1030 2231 1225 2283 proficias.
1283 2225 1423 2281 Neque
1443 2241 1544 2266 con-

81 2303 256 2351 jecturae
287 2300 504 2340 homiuum
542 2301 751 2340 doctorum
787 2301 1052 2339 satisfaciunt.
1110 2296 1296 2336 Verbum
1322 2297 1367 2333 in
1394 2296 1543 2347 protasi

83 2369 242 2408 videtur
272 2369 427 2417 deesse,
472 2370 528 2408 sio
558 2370 665 2408 fere:
717 2366 750 2407 S
760 2367 816 2406 ed
843 2378 885 2407 ut
914 2367 1002 2415 ille,
1051 2368 1094 2405 in
1117 2364 1214 2406 cibis
1242 2361 1365 2419 paulo
1396 2361 1543 2401 libera-

85 2433 161 2475 lius
189 2436 422 2491 adspersus,
465 2446 638 2485 nocet,
678 2437 714 2474 si
743 2445 871 2474 tamen
901 2435 1004 2488 cet.]

198 2505 233 2556 §.
257 2510 325 2545 20.
383 2503 596 2544 Horatius.
651 2501 775 2544 Goth.
799 2506 961 2544 oratius.
1048 2501 1247 2542 carminis.
1288 2497 1395 2539 Flor.
1419 2500 1541 2537 etiam

89 2581 176 2611 cato
204 2573 342 2611 minus.
403 2569 524 2611 Amb.
560 2577 596 2612 1.
628 2574 852 2613 calominis.
969 2582 1004 2610 ct
1034 2568 1232 2609 eoecultac.
1294 2565 1435 2620 Camp.
1457 2581 1538 2605 om.

90 2649 139 2678 el.
198 2637 335 2681 Turio.
364 2655 385 2679 a
415 2655 475 2694 pr.
508 2655 563 2681 111.
596 2650 631 2679 ct
659 2639 845 2680 excultct.
903 2639 1010 2680 Flor.-
1039 2649 1074 2678 et
1105 2636 1269 2679 exultet.
1357 2634 1538 2689 Ideoque.
