1721 2974
239 150 292 190 acl
318 148 480 204 Quintil.
501 146 629 189 Instit.
648 146 707 197 II,
737 147 775 188 4.
797 147 832 197 §.
851 146 1043 186 34--42
1080 152 1116 187 5.
1149 148 1184 198 §.
1214 154 1232 188 1
1247 154 1348 191 —5.
1465 161 1515 197 81

68 277 150 306 tam
188 267 326 319 major.
385 266 477 319 quia
514 274 539 302 t.
577 279 628 303 m.
669 260 803 302 Turio.
841 274 864 300 a
899 274 976 300 sec.
1005 274 1059 299 m.
1093 258 1213 301 Bodl.
1246 260 1386 318 Camp.
1416 266 1516 310 Obr,

67 334 159 373 fort.
188 330 311 372 Amb.
335 337 371 372 1.

182 402 213 454 ᾗ.
245 405 309 441 39.
370 396 573 451 Quaedam
602 414 654 437 an
682 396 855 438 obtineri.
909 394 955 447 Q.
985 395 1174 443 obtinere,
1215 408 1292 436 0111.
1312 416 1375 449 an,
1404 401 1519 446 Abu,

0 505 1 515 ,
67 466 198 519 Flor.;
242 466 377 507 Turio.
409 468 482 504 etsi
510 474 684 516 tacetur,
722 465 834 503 haud
853 464 973 503 dubIe
994 464 1169 502 eundem
1188 479 1361 506 errorem
1383 468 1518 512 habet.

0 518 1 591 ἦ
156 537 346 587 ignorare
375 548 456 574 om.
484 531 622 572 Turio,
679 534 860 585 ignorari
886 529 1010 571 Amb.
1035 536 1070 571 1.
1100 546 1123 570 a
1151 547 1228 572 sec.
1256 547 1311 573 m.

0 596 2 659 ἰ
185 603 223 651 §.
256 602 322 641 40.
382 599 451 639 secl
479 599 526 638 cle
555 599 688 639 honor.
748 598 817 638 secl
843 609 912 637 aut
943 597 977 636 (ἶ.
1003 598 1036 636 Ῑι.
1067 596 1206 653 Camp.
1306 613 1374 641 aut
1401 605 1521 660 impe-

0 662 3 731 ]
70 671 155 709 riis.
225 679 260 706 et
303 670 392 722 imp.
433 665 569 707 Guelf.
638 677 752 722 atque
793 668 884 721 imp.
927 663 1050 706 Goth.
1177 666 1278 706 nihil
1310 669 1386 711 hoc
1425 672 1523 716 loco,

0 734 1 739 ’
67 736 145 777 hoc
174 734 200 776 l.
234 752 271 774 n.
302 733 441 787 Camp.

185 809 220 853 §.
252 803 319 842 41.
378 801 487 840 Nam
513 801 656 855 fictas.
706 799 797 840 Jam
825 800 871 857 f
901 800 1039 842 Tude.
1153 812 1317 844 constat.
1368 820 1526 849 consta-

71 870 139 911 bat
168 869 304 909 Turio.
332 868 438 908 Flor.
467 866 593 907 Amb.
622 873 659 908 1.
688 865 829 921 Camp.

190 939 218 991 {³-
250 938 319 976 42.
377 935 448 975 An
476 935 525 974 ab
553 938 650 989 ipso.
709 935 780 974 An
809 950 886 975 om.
915 928 1022 977 Flor.
1137 951 1183 975 ηε
1206 940 1240 976 ii
1266 940 1430 993 quidem,
1484 959 1530 984 ne

74 1005 116 1045 1ιί
146 1021 182 1060 q.
211 1003 347 1045 Turic-
377 1002 503 1043 Amb-
526 1007 563 1043 1.

669 1113 831 1156 CAv.
889 1110 941 1157 V.

191 1208 227 1259 ξ.
257 1212 295 1246 1.
349 1205 484 1260 paulo.
529 1205 691 1260 paulum
720 1208 844 1245 etiam
873 1204 1013 1247 Turio.
1050 1204 1164 1247 Ahn.
1204 1204 1310 1251 Flor.
1347 1211 1471 1254 Amb.
1498 1223 1536 1258 1.

79 1289 104 1316 a
132 1290 207 1315 sec.
237 1289 294 1314 m.
325 1273 458 1327 (prius
489 1276 567 1315 fuit
591 1272 740 1330 paulo)
769 1273 908 1326 Camp.
933 1273 1042 1314 Jens.
1072 1284 1112 1314 et
1128 1285 1289 1328 posterr.
1308 1289 1401 1320 ante
1422 1281 1534 1325 Sich,

80 1342 148 1384 Sic
167 1340 222 1393 H,
250 1346 316 1391 17,
341 1345 407 1381 25.
434 1339 516 1392 IX,
547 1343 588 1393 4,
620 1347 685 1383 19.
799 1340 1028 1380 rudimenta.
1078 1341 1261 1383 elementa
1289 1345 1396 1387 Flor.
1427 1365 1451 1390 a
1478 1367 1536 1404 pn

78 1425 135 1450 m.
251 1425 277 1448 a
305 1411 591 1461 grammaticis.
639 1425 666 1448 a
703 1411 829 1448 omitt·
867 1406 1006 1448 Turio.
1042 1405 1138 1463 (qui
1167 1421 1371 1463 praeterea
1398 1433 1539 1469 gram-

79 1481 246 1518 maticos
269 1474 421 1531 habet)
449 1475 555 1515 Flor.
577 1473 690 1515 Ahn.*
723 1504 726 1506 v
805 1475 1006 1528 exigebat.
1056 1478 1239 1518 exciebat
1266 1479 1402 1524 Turio.
1417 1483 1541 1540 Flam,

80 1555 250 1601 uterque
279 1559 303 1584 a
331 1559 406 1584 sec.
437 1559 491 1582 m.
523 1552 736 1583 correctus.

194 1615 229 1667 §.
269 1617 305 1653 3.
365 1610 453 1650 Nec
489 1621 637 1659 tamen,
687 1613 734 1649 si*
763 1609 869 1664 quid.
935 1608 998 1651 Ita
1038 1609 1179 1652 Burm.
1220 1616 1347 1658 edidit
1391 1618 1542 1675 (quem

81 1690 289 1723 auctorem
317 1688 500 1730 secutus,
533 1677 718 1732 nescio),
767 1686 809 1717 et
836 1687 927 1732 post
955 1694 1051 1718 eum
1081 1679 1202 1723 Gesn.
1234 1683 1370 1737 Spald.
1423 1687 1545 1729 Prio-

82 1765 146 1790 res
188 1763 327 1788 omnes
364 1750 547 1786 inserunt
586 1748 731 1786 etiam:
783 1745 839 1786 Ν.
869 1756 896 1786 t.
928 1757 977 1788 et,
1005 1750 1042 1786 si
1069 1765 1105 1802 q.
1143 1760 1238 1790 cum
1272 1751 1409 1795 Turio.
1437 1754 1546 1798 Flor,

85 1815 210 1858 Goth.
241 1813 377 1856 Guelf.
406 1813 534 1854 Amb.
557 1819 594 1855 2.
626 1812 788 1866 Camp.,
838 1813 952 1853 haud
982 1815 1103 1855 dubie
1131 1821 1284 1860 ceteris.
1340 1819 1391 1861 In
1418 1822 1546 1866 Paris.

87 1889 125 1924 1.
152 1882 369 1923 Pottierius
400 1884 519 1921 etiam
555 1879 638 1934 legi
665 1880 844 1933 notavit,
889 1882 940 1922 de
967 1885 1131 1939 reliquis
1159 1894 1277 1928 tacet.
1387 1895 1551 1945 praeci..

84 1966 188 2006 pere.
207 1980 213 1983 -
235 1960 528 2003 praeceptorem
564 1947 702 1989 Turio.

202 2018 236 2069 ᾧ.
277 2017 316 2055 4.
383 2015 524 2056 hercle.
590 2015 747 2055 hercule
795 2014 932 2057 Turio.
982 2020 1090 2059 Flor.
1136 2015 1262 2063 Amb.
1297 2028 1334 2064 1.
1365 2030 1427 2075 2.,
1486 2026 1549 2069 εᾶ.

55 2124 60 2127 ,
89 2087 213 2125 nulla.
325 2085 439 2136 pueri
486 2096 566 2122 om.
604 2081 745 2135 Camp.
870 2086 906 2122 si
950 2082 1055 2138 quod
1090 2089 1230 2128 minus.
1295 2092 1332 2128 si
1369 2091 1463 2145 quid
1498 2110 1552 2135 m.

89 2151 227 2193 Turic«
255 2147 387 2190 Guelf.
419 2147 556 2202 Camp.
586 2148 716 2188 Andr.
745 2149 852 2190 Jens.
886 2149 1008 2191 Tarv.
1039 2161 1080 2192 et
1101 2156 1172 2192 alii
1194 2164 1287 2195 ante
1309 2154 1552 2211 Gryphium.

205 2220 241 2271 §.
272 2221 311 2258 5.
369 2232 443 2271 quo
474 2232 515 2255 se
542 2218 788 2269 magistrum.
847 2220 910 2258 Ita
949 2221 1074 2258 etiam
1112 2219 1248 2262 Turic'.
1291 2222 1397 2264 Flor.
1424 2225 1552 2268 Amb.

95 2293 133 2328 1.
165 2292 206 2327 2.
245 2284 353 2326 Jens.
393 2293 432 2324 et
467 2293 629 2337 posterr.
670 2293 763 2323 aute
801 2282 957 2336 Colin.,
1007 2301 1094 2326 exc.v
1131 2285 1253 2328 Aldo.
1295 2294 1363 2345 qui
1408 2297 1556 2336 retinet

15 2392 19 2413 3
95 2353 235 2408 Camp.
341 2354 611 2406 cujusquisque
627 2366 759 2390 eorum
775 2374 833 2383 —-
851 2350 1024 2393 lectione.
1078 2356 1259 2410 cujusque
1280 2361 1402 2398 etiam
1419 2359 1556 2404 Turio.

97 2436 122 2462 a
149 2437 226 2462 sec.
255 2435 313 2462 m.
346 2419 470 2460 Paris.
494 2423 531 2459 1.
553 2423 591 2459 2.
632 2416 772 2472 Camp.
801 2418 911 2460 Jens.
939 2418 1059 2461 Tarv.
1089 2418 1189 2464 Loc.
1218 2423 1326 2466 Ven.
1382 2426 1558 2485 Reliqua

97 2492 156 2529 ita
183 2489 307 2528 habet
335 2485 499 2527 Turic.:
530 2503 562 2526 e.
595 2484 726 2526 liberis
764 2485 937 2541 (omisso
964 2487 1082 2540 velit,
1123 2499 1170 2530 ut
1199 2491 1343 2533 diserte
1370 2497 1557 2549 affirmat,

102 2558 174 2610 qui
193 2553 381 2607 contulit)
403 2553 495 2593 libri
514 2552 539 2594 l.
588 2552 694 2595 Flor.
712 2571 790 2594 eor.
813 2554 946 2595 liberis
966 2559 1158 2596 revocatis
1180 2557 1303 2613 (quod
1323 2572 1416 2602 ante
1437 2568 1560 2604 omis..

102 2637 195 2663 sum
216 2621 326 2676 erat)
349 2620 445 2662 libri
464 2619 639 2663 lectione.
694 2620 821 2663 Amb.
843 2628 880 2663 1.
902 2639 982 2665 eor.
1003 2622 1138 2663 liberis
1156 2623 1316 2667 lectione
1336 2630 1452 2683 (item
1482 2647 1561 2671 om.

150 2702 251 2737 Tom.
279 2700 323 2737 V·
1070 2691 1102 2732 F
