1721 2974
409 222 462 262 ad
494 221 661 276 Quintil.
693 220 823 262 Instit.
853 219 888 270 1,
919 225 958 260 6.
993 221 1030 271 §.
1061 202 1260 262 26434.
1510 227 1564 266 47

110 334 248 378 Guelf.
307 339 343 377 si
372 336 446 377 illa
473 352 529 377 ex
569 335 697 378 Amb.
729 341 768 377 2.
806 333 924 376 Voss.
959 339 997 374 1.
1029 339 1068 376 3.
1138 333 1212 374 illa
1247 348 1328 374 om.
1360 333 1486 377 Amb.
1525 343 1563 379 1.

191 408 489 460 praecipueque.
564 421 637 459 que
678 419 759 445 om.
802 401 943 457 Camp.
986 400 1098 442 Sich.
1218 401 1377 456 Pythici
1413 403 1567 446 habent

108 475 233 512 etiam
272 471 411 513 Turio.
452 471 559 512 Flor.
600 470 728 511 Amb.
766 476 803 512 1.
839 476 880 511 2.
952 469 1105 509 Piilzici
1151 468 1277 510 Paris.
1310 475 1348 510 1.
1382 476 1421 512 2.
1454 479 1491 512 5.
1525 479 1564 515 6.

103 540 259 595 physici
297 538 440 594 Camp.
510 538 604 593 [Cf.
635 541 761 592 praef.
793 537 890 579 Vol.
911 535 932 577 I
960 553 999 592 p.
1021 535 1252 578 LXXVII.
1294 536 1381 590 Ego
1413 553 1567 581 nomen

106 605 341 647 Romanum
372 608 483 663 quod
508 609 672 660 propius
704 607 867 647 accedat
896 606 946 645 ad
976 606 1092 646 codd.
1124 608 1363 658 scripturam
1391 622 1474 647 non
1499 612 1567 647 in-

105 677 226 715 venio
262 684 421 728 praeter
456 675 606 725 Peuci,
655 675 766 729 quod
809 689 1034 727 cognomen
1076 682 1134 714 est
1167 676 1211 714 C.
1244 677 1415 727 Sulpicii
1443 680 1568 731 quin-

105 746 220 798 quies
263 742 462 783 Consulis.
543 741 626 782 Sed
671 743 719 783 de
771 745 923 795 origine
964 745 1046 793 ejus
1084 742 1274 782 historica
1311 743 1419 782 nihil
1461 746 1569 798 apud

107 820 288 850 auctores
319 819 452 860 extat,
505 812 696 862 suspicari
725 818 864 848 tamen
893 813 1042 863 possiS,
1085 811 1196 864 quod
1225 813 1480 851 consulatum
1508 823 1569 854 ter

104 887 246 917 contra
282 880 417 931 legem
453 875 659 917 Liciniam
694 887 868 930 peteret,
919 877 1099 919 invisum
1139 880 1250 931 plebi
1294 880 1428 919 fuisse.
1502 879 1566 922 Cf.

105 943 274 986 Livium
304 946 355 985 ad
388 960 513 984 annos
539 960 580 985 u.
603 960 638 984 c.
662 948 757 986 399.
779 946 876 986 401.
898 947 995 986 403.
1055 945 1353 986 Verumtamen
1373 950 1569 1002 quoniam

104 1017 220 1053 nobis
240 1028 325 1053 non
345 1028 474 1057 novae
492 1015 706 1053 verborum
727 1015 898 1065 orIg’mes
917 1014 1170 1067 indagandae
1191 1023 1298 1066 sunt,
1319 1015 1390 1054 sed
1413 1031 1435 1054 a
1455 1026 1570 1056 vete-

105 1085 213 1122 ribus
237 1084 515 1136 frequentatae
533 1081 816 1132 restituendae,
846 1081 953 1121 nihil
972 1083 1131 1122 videtui·
1150 1085 1280 1135 aptius
1301 1098 1383 1122 esse
1401 1087 1569 1125 nomine

108 1147 357 1198 Potitiorum,
391 1150 439 1188 de
462 1151 606 1204 quibus
627 1146 769 1188 Livius
791 1146 906 1199 lib.I‚
923 1154 949 1189 7
982 1158 1019 1188 et
1036 1147 1118 1198 IX,
1139 1154 1207 1190 29.
1252 1149 1467 1204 Originem
1485 1156 1569 1205 ejus

105 1221 281 1258 nominis
304 1233 398 1257 omn
413 1220 497 1270 ipse
517 1215 659 1256 Livius
678 1219 886 1269 significet,
911 1226 1000 1257 tum
1020 1219 1202 1257 disertius
1220 1219 1392 1259 illustrat
1408 1219 1569 1262 Servius

107 1287 159 1326 ad
179 1285 345 1338 Virgilii
361 1283 470 1325 Aen.
491 1282 608 1335 VIII,
634 1289 731 1335 269,
762 1287 958 1324 nimirum
978 1286 1087 1340 quod
1107 1289 1151 1324 in
1173 1288 1363 1326 sacrificio
1384 1286 1570 1338 Herculis

106 1357 208 1394 extis
226 1355 346 1408 potiti
364 1356 458 1403 sint,
487 1352 659 1394 Pinariis
680 1355 820 1392 πεινᾶν
838 1352 985 1404 jussis-J
1103 1353 1242 1394 Italia.
1303 1356 1344 1393 in
1365 1354 1418 1396 It.
1440 1355 1568 1397 Aan.

108 1427 146 1461 1.
242 1420 526 1471 Βεηευεηίιινης
569 1436 681 1474 qnae-
744 1421 1062 1475 beneventumque
1078 1420 1207 1461 Aan.
1231 1426 1268 1460 1.
1288 1420 1397 1463 Flor.
1425 1422 1568 1479 Camp.

192 1499 228 1527 et
251 1497 343 1527 ante
365 1487 503 1528 collem
523 1491 599 1528 ins.
624 1486 761 1527 Turic-
779 1487 887 1528 Flor.
907 1487 1034 1529 Amb.
1050 1494 1087 1529 1.
1108 1487 1225 1530 Alm.
1253 1486 1377 1530 Goth.
1396 1490 1568 1534 Voss.2.

107 1556 249 1610 Camp.
281 1555 392 1596 Jens.
425 1564 464 1595 et
495 1555 586 1596 edd.
618 1565 783 1609 posterr.
814 1565 907 1596 ante
935 1558 1063 1608 Bad.,
1105 1572 1187 1597 acc,
1222 1558 1335 1598 Sich.

218 1629 254 1679 ξ.
288 1629 355 1665 32.
417 1626 484 1679 qui
509 1624 641 1664 verba.
702 1641 802 1678 quae
832 1640 869 1664 v.
903 1623 1041 1665 Turio.
1074 1624 1184 1665 Flor.
1215 1625 1344 1666 Ajnb.
1367 1633 1406 1667 2.
1435 1625 1569 1668 Guelf.

104 1692 224 1733 Voss.
248 1698 286 1733 1.
326 1691 452 1733 Bel-n.
494 1691 616 1733 Goth.
651 1690 791 1745 Camp.
823 1691 932 1732 Jens.
965 1691 1089 1733 Tarv.
1113 1691 1216 1734 Loc.
1246 1693 1357 1734 Ven.
1420 1699 1489 1750 qui
1519 1712 1572 1737 ex

104 1759 226 1815 Regii
257 1761 540 1800 emendatione
572 1769 642 1800 est.
734 1777 833 1815 quae
858 1759 1085 1814 paululum,
1117 1777 1197 1802 om.
1219 1762 1340 1801 verba
1369 1761 1499 1805 Amb.
1529 1770 1573 1805 1.

192 1828 430 1885 syllabisve3
468 1828 570 1869 inde.
630 1827 769 1869 Turic.
801 1828 968 1884 syllabis
994 1839 1036 1867 ut
1068 1829 1158 1868 inde
1191 1827 1270 1884 (al.
1292 1846 1349 1872 m.
1371 1847 1472 1873 corr.
1494 1830 1569 1888 in).

103 1898 215 1938 Haec
246 1900 365 1948 lectiQ
393 1900 438 1936 in
467 1896 687 1951 Argentor.
716 1899 837 1936 fuisse
865 1897 1049 1948 videtur,
1091 1907 1133 1938 et
1160 1914 1212 1937 ex
1243 1913 1290 1938 ea
1322 1898 1424 1940 Obr.
1453 1916 1571 1941 suam

105 1968 308 2005 effecisse:
356 1965 597 2020 syllabisve,
640 1975 682 2004 ut
711 1967 753 2003 irz
778 1981 894 2020 parv.
924 1987 982 1994 --·
1012 1964 1209 2006 labantur.
1326 1966 1568 2010 dilabuntur.

106 2031 291 2072 labuntur
331 2036 451 2072 etiam
482 2032 608 2072 Paris.
639 2037 677 2073 6.
709 2032 848 2073 Tmic.
877 2032 987 2072 Flor.
1019 2032 1148 2073 Amb.
1183 2039 1220 2073 1.
1253 2033 1365 2076 Sich.
1427 2035 1571 2075 laban-

106 2112 171 2139 tur
201 2099 302 2140 Tur.
335 2113 358 2138 a
379 2115 457 2138 sec.
478 2115 534 2139 m.
572 2098 711 2153 Camp.
829 2103 882 2139 sit
901 2103 1002 2139 enim
1019 2118 1154 2154 σοη5.;
1194 2105 1250 2141 ita
1272 2103 1427 2143 habent
1447 2107 1570 2143 etiam

104 2168 231 2209 Paris.
258 2172 295 2207 1.
317 2172 355 2207 2.
387 2165 488 2206 Tur.
520 2165 648 2206 Aan.
674 2172 710 2207 1.
734 2173 775 2208 2.
817 2170 910 2209 fort.
948 2167 1114 2223 Camp.;
1155 2168 1263 2210 Flor.
1285 2173 1437 2222 siletur,
1469 2187 1571 2211 con-

105 2238 270 2276 ferentis
311 2236 488 2288 profecto
522 2237 784 2287 negligentia.
901 2235 985 2288 vel,·
1032 2240 1087 2276 ita
1126 2240 1248 2277 etiam
1288 2237 1427 2279 Turic.
1456 2237 1566 2280 Flor.

69 2326 73 2329 *
105 2303 233 2345 Amb.
259 2308 295 2342 1.
318 2308 358 2342 2.
396 2300 536 2355 Camp.
655 2302 961 2356 appellaverunt.
1021 2315 1260 2344 vocaverunt
1293 2304 1431 2347 Turio.
1456 2306 1564 2347 Flor.

108 2370 232 2413 Goth.
263 2370 382 2411 Voss.
404 2375 442 2410 2.
479 2369 619 2424 Camp.
648 2370 759 2411 Jens.
791 2379 831 2410 et
859 2372 950 2411 edd.
982 2382 1146 2424 posterr.
1180 2381 1272 2412 ante
1297 2371 1454 2426 Stoen,
1482 2389 1564 2414 acc.

108 2443 208 2482 Obr.
255 2441 348 2479 fort.
380 2436 568 2478 A1nb.1.

217 2510 254 2562 §.
288 2512 356 2547 33.
411 2510 495 2559 jam
523 2509 575 2546 sit
605 2517 640 2545 et
671 2505 788 2547 class.
852 2510 938 2562 jam
967 2510 1018 2547 sit
1049 2518 1090 2547 ut
1119 2506 1169 2547 cl.
1210 2506 1318 2549 Flor.
1366 2507 1493 2551 Aan.
1526 2515 1564 2551 1.

105 2574 221 2616 Ahn.
274 2578 307 2630 j.
328 2577 388 2630 fit
412 2585 454 2614 ut
487 2574 536 2615 cl.
569 2574 706 2615 Tui-ic.
744 2575 884 2629 Camp.
938 2579 970 2630 j.
1003 2579 1040 2615 si
1067 2579 1168 2615 sicut
1197 2575 1248 2617 cl.
1291 2576 1392 2618 Obr.

223 2644 261 2694 §.
294 2644 363 2684 34.
423 2646 494 2684 ini.
528 2654 620 2683 reci.
651 2661 731 2698 seq.
767 2646 859 2698 imp.
891 2655 1015 2684 contr.
1075 2644 1187 2684 Haec
1214 2647 1382 2686 insititia
1411 2646 1566 2688 habent

109 2715 232 2753 etiam
262 2715 400 2753 Turic.
431 2710 539 2753 Flor.
569 2710 697 2753 Amb.
721 2717 758 2752 1.
791 2711 932 2768 Camp.
961 2711 1053 2753 Par.
1078 2718 1141 2766 1.3
1182 2715 1312 2753 omitt.
1343 2712 1434 2754 Par.
1456 2720 1496 2756 2.
1522 2720 1560 2755 6.
