1721 2974
339 81 393 121 ad
414 80 548 136 Quint.
571 79 704 121 Instit.
725 78 810 133 IX,
833 83 871 129 3,
895 83 1121 122 87—102.
1166 83 1205 133 4,
1230 87 1401 128 3—31.
1515 91 1595 134 401

254 197 291 247 §.
323 202 363 237 9.
422 194 529 236 Ideo.
574 195 666 237 Par.
686 201 728 237 2.
750 197 839 236 imo.
900 192 1028 235 Amb.
1053 198 1093 234 1.
1115 193 1291 252 ideoque.

253 265 291 316 §.
323 267 390 304 10.
451 264 632 319 affl-ctus,
664 262 732 305 Sic
749 263 840 305 Par.
863 269 903 305 2.
957 261 1144 320 ffel-um
1161 262 1257 306 Par.
1280 270 1320 306 1.

251 335 288 384 §.
321 336 388 371 11.
448 330 601 372 eosdem
630 330 768 372 modos
801 330 999 371 adhibent.
1053 329 1143 372 Par.
1176 336 1214 372 1.
1245 338 1288 374 2.
1319 332 1451 375 eodem
1480 338 1594 380 moclo

137 399 382 440 adhibentur.

251 469 288 519 §.
323 472 390 508 12.
449 465 612 521 supplic.
636 461 707 508 est.
755 465 825 508 Sic
846 466 938 509 Par.
962 473 999 507 1.
1018 473 1060 508 2.

249 538 285 589 §.
320 540 386 575 13.
446 550 495 574 ac
517 533 663 576 modis.
708 533 780 575 Sic
798 533 891 576 Par.
918 539 955 576 1.
980 541 1021 576 2.
1110 547 1166 577 est
1183 537 1269 578 veh.
1309 536 1401 580 Par.
1427 545 1465 581 1.
1487 547 1527 584 2.
1549 560 1592 584 eo

133 621 172 646 υ.
261 607 303 643 ἱη
321 613 449 643 textu.
497 601 589 643 Par.
621 608 658 644 1.
679 608 720 643 2.
750 604 791 641 in
818 605 946 644 exitu.
1034 606 1075 644 in
1090 607 1193 661 fine.
1243 605 1335 647 Par.
1369 611 1408 648 1.
1437 614 1478 650 2.
1509 625 1592 653 om.

132 676 186 712 in.
259 670 570 725 [Spaldingium
615 686 701 710 non
734 671 916 711 debujsse
967 674 1011 711 in
1059 676 1181 714 verbo
1223 677 1350 716 tacita
1388 677 1594 720 offendere

132 739 348 781 Schiitzius
372 742 417 778 in
438 740 591 781 dissert.
613 738 708 779 Hal.
734 741 834 778 anni
856 743 965 780 1818
987 749 1169 782 extrema
1189 758 1282 797 pag.
1307 754 1465 798 censet,
1494 761 1592 787 nam

129 824 272 849 sonare
301 809 465 863 quidem
489 823 680 847 numeros
710 808 958 863 modosque,
999 810 1071 848 sed
1096 824 1182 850 non
1208 813 1324 867 loqui
1351 816 1418 854 vel
1437 816 1591 870 signifi-

129 892 218 917 care
238 879 481 931 qujcquam,
525 877 633 931 quod
652 878 737 916 vim
757 877 962 928 cogitandi
983 878 1169 931 efficiat]

243 945 278 994 §.
312 944 380 984 14.
443 943 549 993 Cic.5
580 944 729 1000 Neque.
775 943 843 985 Sic
861 943 954 987 Par.
981 950 1020 986 1.
1041 951 1082 986 2.
1169 945 1362 989 venalitii.
1405 947 1475 990 Sic
1495 949 1586 993 Par.

125 1017 168 1053 2.
253 1023 509 1066 superarunt,
551 1023 601 1052 et.
651 1012 719 1054 Sic
738 1011 831 1053 Par.
854 1017 892 1053 1.
913 1018 956 1054 2.
1043 1015 1296 1070 insequentes.
1344 1015 1413 1057 Sic
1431 1016 1523 1059 Par.
1550 1025 1588 1060 1.

126 1085 166 1120 2.
254 1081 397 1122 turbes.
445 1080 514 1121 Sic
542 1079 634 1123 Par.
663 1086 700 1122 1,
724 1087 764 1122 2.

240 1149 275 1201 §.
309 1152 375 1191 15.
436 1166 581 1189 sumus.
621 1148 689 1191 Sic
709 1149 801 1191 Par.
831 1155 872 1190 2.
941 1151 1064 1190 simas
1099 1149 1193 1191 Par.
1225 1156 1263 1192 1.

238 1217 275 1268 §.
310 1221 377 1258 16.
436 1216 528 1257 illis.
576 1216 668 1258 Par.
694 1223 732 1258 1.
752 1224 792 1259 2.
813 1233 894 1258 om.
984 1221 1098 1259 enim.
1137 1217 1207 1259 Sic
1239 1218 1331 1261 Par.
1356 1225 1395 1261 1.
1414 1226 1456 1262 2.

239 1286 276 1336 §.
311 1290 378 1326 18.
438 1287 669 1326 insistentes.
726 1285 795 1327 Sic
832 1285 922 1327 Par.
955 1290 996 1327 1.
1025 1292 1067 1327 2.
1192 1304 1290 1329 eam.
1339 1286 1432 1330 Par.
1471 1294 1510 1331 1.
1543 1297 1582 1332 2.

123 1361 254 1392 etiam.
354 1355 471 1394 etiam
495 1371 686 1394 numeros.
730 1353 822 1394 Par.
845 1359 883 1393 1.
907 1360 947 1395 2.
979 1356 1021 1394 in
1054 1371 1248 1396 numeros.

237 1424 269 1472 §.
301 1428 370 1463 20.
431 1433 559 1477 atque.
609 1421 677 1463 Sic
693 1421 785 1463 Par.
819 1426 857 1461 1.
880 1427 920 1462 2.
1005 1422 1128 1462 verba
1149 1423 1293 1465 verhiS.
1341 1422 1413 1465 Sic
1428 1424 1521 1469 Par.
1540 1432 1583 1468 2.

120 1489 240 1529 verba
272 1489 320 1529 cle
338 1491 466 1529 verbis
494 1490 585 1530 Par.
617 1495 656 1529 1.
951 1489 958 1497 ’

232 1558 269 1610 §.
300 1563 369 1599 21.
428 1556 640 1598 nonnullis.
689 1555 768 1597 Par
799 1561 836 1596 1.
868 1562 909 1597 2.
936 1573 1014 1596 non
1031 1554 1126 1597 illis.

258 1654 267 1663 .
299 1631 369 1666 22.
431 1627 553 1676 κῶλ.,
585 1640 675 1679 περ.
718 1622 787 1664 Sic
814 1623 907 1664 Par.
928 1630 970 1665 2.
1000 1623 1069 1678 (et
1087 1623 1215 1666 Amb.
1237 1624 1305 1680 1.)
1389 1639 1479 1669 sunt
1493 1646 1581 1685 gen.

117 1710 201 1734 nec.
242 1691 312 1734 Sic
340 1692 432 1733 Par.
454 1697 492 1732 1.
515 1698 556 1734 2.

232 1761 270 1813 §.
301 1766 372 1801 23.
432 1760 660 1801 cavendum.
700 1759 768 1802 Sic
791 1759 884 1801 Par.
909 1766 949 1802 2.
1009 1775 1097 1801 cav.
1118 1770 1175 1798 est
1203 1759 1296 1802 Par.
1323 1767 1359 1802 1.

232 1832 270 1882 §.
303 1830 372 1869 24.
425 1826 604 1883 p3⁴0n0m.
628 1846 701 1868 ess.
741 1827 810 1869 Sic
827 1827 921 1869 Par.
945 1834 983 1869 1.
1005 1834 1047 1869 2.

236 1896 272 1946 §.
302 1899 371 1936 25.
431 1898 586 1937 nimiae.
637 1896 706 1937 Sic
734 1896 826 1938 Par.
861 1903 899 1938 2.
971 1898 1065 1937 nim.
1097 1906 1155 1935 est
1180 1896 1271 1939 Par.
1302 1903 1340 1937 1.
1457 1903 1517 1940 uti
1542 1918 1579 1957 q.

118 1963 210 2005 Par.
248 1969 284 2004 1.
317 1970 356 2004 2.
386 1975 428 2003 ut
451 1981 491 2019 q.
578 1981 784 2020 super-pon.
826 1963 896 2022 Siq
914 1963 1006 2005 Par.
1025 1969 1063 2004 1.
1083 1970 1124 2005 2.

235 2033 271 2084 §.
303 2036 372 2072 26.
432 2034 507 2072 vis.
553 2031 644 2072 Sed.
691 2033 784 2074 Par.
807 2037 845 2073 1.
867 2038 907 2074 2.
928 2034 988 2072 vis
1009 2035 1107 2072 inest
1127 2043 1175 2073 et.
1261 2034 1381 2076 cedet.
1423 2033 1513 2077 Par.
1539 2041 1577 2078 1.

119 2106 159 2142 2.
191 2100 320 2142 cedat.

232 2172 268 2222 §.
298 2173 364 2210 27.
423 2171 600 2222 contigit.
647 2169 740 2211 Par.
765 2175 803 2210 1.
825 2175 866 2211 2.
891 2171 1097 2223 contingit.

232 2242 268 2292 §.
300 2242 370 2278 28.
429 2247 471 2275 ut
499 2254 627 2292 super.
675 2236 766 2278 Pas.
803 2243 838 2279 1.
859 2244 900 2279 2.
931 2249 967 2277 et
994 2240 1035 2278 in
1054 2255 1086 2278 s.
1147 2238 1311 2290 [movit.
1355 2235 1507 2278 Wolff.
1529 2239 1576 2291 111

118 2306 215 2347 edit.
239 2307 497 2359 probabffiter
519 2309 689 2357 conjecit
709 2306 931 2359 movetur]

233 2379 271 2429 §.
301 2379 370 2416 29.
428 2377 606 2414 transire.
649 2373 717 2416 Sic
737 2374 827 2416 Par.
851 2382 891 2418 2.
949 2375 1115 2415 transiri
1141 2372 1232 2415 Par.
1258 2378 1295 2413 1.
1393 2374 1575 2413 intentio-

119 2457 218 2482 nem.
255 2442 344 2484 Par.
365 2447 404 2483 1.
426 2448 465 2483 2.
497 2445 718 2483 intentione.
804 2441 994 2486 illucEest.
1035 2441 1105 2484 Sic
1126 2441 1219 2484 Par.
1244 2445 1282 2482 1.
1303 2446 1342 2481 2.
1424 2441 1575 2496 postri-

119 2507 196 2550 die.
243 2509 334 2552 Par.
371 2516 410 2551 1.
441 2527 521 2552 om.

231 2579 267 2630 ᾗ.
300 2584 367 2620 31.
425 2579 530 2635 quod
549 2596 626 2620 cos.
677 2579 768 2621 Par.
806 2586 844 2621 1.
876 2586 917 2621 2.
949 2582 1016 2636 qui
1045 2594 1124 2619 eos.

165 2657 265 2691 Tom.
295 2658 336 2694 V.
1040 2644 1072 2686 C
1097 2662 1117 2685 c
