1721 2974
232 191 289 234 acl
320 191 486 247 Quintil.
515 190 647 233 Instit.
676 189 760 240 111,
790 195 830 232 8.
859 191 897 245 §.
928 193 1130 232 60—70.
1161 196 1201 233 9.
1249 191 1289 243 §.
1323 197 1361 233 1.
1453 199 1532 236 161

180 308 219 358 §.
252 311 321 349 67.
378 323 520 360 genere
556 316 698 346 maier.
752 315 849 346 mai.
878 321 967 358 gen.
1012 302 1141 345 Amb.
1177 310 1216 345 1.
1346 317 1539 349 constant.

65 371 128 414 Ita
160 378 283 414 etiam
313 373 406 414 Par.
433 379 472 415 1.
504 378 543 413 3.
578 374 619 413 4.
652 372 792 426 Camp.
857 382 1009 412 constat
1036 371 1128 412 Par.
1150 378 1191 413 2.
1225 373 1317 412 fort.
1349 375 1472 414 Amb.
1499 381 1536 417 1.

184 445 226 482 in
257 441 444 482 consiliis.
502 443 543 480 in
573 443 703 480 omitt.
746 439 874 480 Amb.
909 445 946 480 1.
1060 455 1155 480 vera
1186 458 1277 480 csse.
1338 460 1419 482 esse
1445 461 1539 486 vera

71 510 207 552 Guelf,
323 511 430 547 sciet.
488 512 590 548 scies
626 511 749 547 etiam
777 508 882 547 Flor.
913 524 934 548 a
957 524 1016 562 pr.
1038 523 1094 548 m.
1209 509 1278 548 secl
1308 510 1445 553 histor.
1504 528 1540 556 et

70 579 180 618 hist:
207 576 344 616 Turio.
376 575 484 625 Flor.
515 591 611 615 cum
639 575 755 615 AJm.
873 578 914 614 in
941 576 1001 614 liis
1031 578 1161 616 omitt.
1195 576 1333 619 Turio.
1369 578 1536 638 Camp.3

69 649 116 685 in
145 644 254 685 Flor.
287 659 309 683 a
339 659 399 697 pr.
430 659 487 684 m,
519 642 637 684 Alm.
670 653 728 683 est
759 643 801 682 isl
830 659 940 684 conc.
1059 654 1175 698 atque
1204 656 1301 686 sent.
1362 664 1412 688 ac
1440 664 1537 694 sent.

72 711 208 754 Guelf.
243 710 355 751 Sieh.
472 711 682 750 maluerint
713 710 852 764 Camp.

192 781 229 830 §.
263 784 330 819 68.
391 790 540 834 aptata.
602 790 698 834 opta
727 776 856 819 A1hb.
892 784 929 818 1.
963 794 1057 818 cum
1085 778 1205 820 Voss.
1235 785 1272 822 1.
1305 787 1344 823 3.
1463 786 1542 827 ali.

73 847 246 904 quando.
298 846 366 887 Sic
397 851 520 886 etlam
553 846 662 887 Flor.
694 846 822 887 Amb.
859 856 1051 901 uterque,
1087 845 1229 901 Camp.

188 917 226 966 §.
264 919 330 956 69.
390 914 454 954 Ne
478 915 552 955 illa
581 915 748 970 quidem.
808 913 944 953 Neci.
974 932 1009 968 q.
1042 913 1182 968 Camp.
1300 920 1339 957 z'rz
1367 920 1441 962 his.
1501 926 1542 964 in

73 986 124 1024 iis
153 983 265 1024 Jens.
299 993 338 1023 et
367 993 533 1037 posterr.
566 993 659 1023 ante
692 982 804 1023 Sich.
923 982 1083 1036 quidam
1122 986 1251 1024 omitt.
1285 984 1426 1042 Camp,

73 1051 294 1091 inhumane.
355 1053 396 1089 in
424 1054 592 1090 minima
630 1049 766 1091 Guelf.
841 1053 987 1102 injuria,
1018 1051 1129 1089 idem
1158 1067 1180 1090 a
1209 1068 1286 1092 sec.
1317 1070 1374 1095 ln.
1493 1059 1542 1099 ab

73 1122 136 1159 iis,
199 1119 247 1158 ab
283 1119 342 1157 his
373 1117 499 1159 Amb.
527 1124 564 1159 1.
599 1117 734 1159 Guelf.
777 1116 900 1159 Goth.
932 1117 1044 1158 Sich.
1129 1139 1132 1142 >
1164 1119 1541 1165 deliberant—dis-

74 1190 255 1227 sentiant.
318 1186 796 1225 deliberat—dissentiat
837 1185 965 1226 Amb.
995 1191 1054 1236 1.,
1084 1189 1192 1240 prius
1225 1204 1318 1228 cum
1349 1190 1476 1233 Amb.
1502 1201 1540 1235 2.

195 1255 369 1309 ideoque.
430 1257 562 1310 itaque
592 1253 716 1295 Goth.
752 1254 843 1294 Par.
883 1258 920 1294 1.
959 1254 1076 1294 Voss.
1101 1260 1140 1295 2.
1187 1254 1327 1310 Camp.
1358 1258 1468 1301 Jens,
1506 1273 1546 1303 et

73 1331 239 1377 posterr.
277 1331 369 1361 ante
403 1323 560 1374 Stoer.,
593 1338 684 1362 exc.
725 1320 826 1362 Ald.
944 1322 1253 1375 objurgantibus.
1313 1327 1545 1381 objurgato-

77 1391 184 1430 ribus
214 1390 352 1430 Turio.
384 1406 407 1430 a
433 1407 511 1432 sec.
543 1405 600 1431 m.
633 1389 776 1444 Camp.
893 1388 1103 1429 similiores
1134 1401 1235 1431 sunt.
1292 1405 1381 1432 sunt
1412 1401 1543 1439 omitt.

78 1462 202 1499 etiam
234 1458 342 1499 Flor.

193 1528 229 1579 §.
260 1530 328 1566 70.
383 1524 663 1566 desuescendis,
724 1524 912 1565 dissuesc.
948 1523 1072 1566 Goth.
1125 1526 1315 1569 dissuasc.
1345 1528 1465 1573 Voss.
1489 1540 1510 1562 2
1533 1550 1544 1560 ·

1486 1566 1544 1587 -.,

75 1594 172 1633 inde
202 1593 313 1634 Jens.
336 1603 376 1634 et
389 1603 561 1647 >postem
585 1603 678 1633 ante
706 1591 808 1634 Ald.
867 1593 1042 1634 dissuasi.
1159 1595 1307 1635 dicturi
1331 1611 1434 1641 sunt.
1483 1599 1546 1643 Ita

74 1658 183 1702 Flor.
217 1659 346 1701 Amb.
378 1666 416 1702 1.
449 1667 490 1702 2.
522 1661 614 1702 Par.
648 1666 686 1701 1.
805 1660 845 1702 d.
879 1665 973 1702 sint.
1013 1661 1105 1703 Par.
1135 1669 1175 1703 2.
1201 1668 1239 1704 5.
1287 1663 1428 1721 Camp.

76 1731 112 1768 si
145 1729 239 1784 quid
268 1729 440 1769 consulet
464 1733 661 1784 princeps.
722 1747 754 1770 s.
792 1746 831 1785 q.
866 1740 901 1768 et
933 1730 1105 1770 consulet
1139 1734 1339 1787 princepis
1381 1734 1491 1778 Flor.
1524 1755 1546 1779 a

74 1812 136 1851 pr.
159 1813 216 1838 m.
249 1796 289 1851 (a
312 1813 390 1838 sec.
414 1813 469 1837 m.
506 1795 742 1852 receptam).
803 1815 835 1837 s.
858 1815 895 1852 q.
919 1808 955 1836 et
975 1798 1128 1838 consuli
1153 1810 1188 1838 et
1209 1803 1387 1856 principi
1414 1805 1544 1848 Amb,

79 1869 116 1904 1.
168 1881 201 1904 s,
242 1881 281 1919 q.
318 1876 353 1903 et
384 1865 562 1904 consiliis
594 1868 790 1920 principis
833 1865 975 1920 Camp.
1106 1867 1212 1922 quod
1243 1885 1378 1921 praec.
1448 1890 1549 1927 quae

74 1947 210 1985 praec.
252 1930 390 1969 Turio.
429 1947 450 1968 a
486 1948 564 1973 sec.
598 1949 654 1972 m.
698 1933 858 1974 Par.'1.
893 1933 1035 1985 Camp.
1152 1929 1327 1977 credunt.
1386 1941 1549 1982 credant

79 1997 207 2039 Amb.
229 2002 269 2037 2.
304 2012 399 2035 omn
427 1996 546 2036 Voss.
575 2003 613 2036 1.
638 2004 677 2036 3.

654 2152 686 2194 C
719 2167 746 2193 Α
779 2169 817 2194 1’.
878 2153 969 2195 IX.

192 2269 256 2307 De
281 2268 463 2322 partibus
498 2283 708 2306 causarum
733 2267 986 2321 judicialium
1014 2270 1240 2311 inscribunt
1271 2271 1409 2316 Turio.
1441 2276 1547 2319 Flor.

80 2335 207 2378 Amb.
233 2341 270 2375 1.
292 2341 331 2376 2.
366 2333 490 2375 Goth.
525 2333 683 2385 Gueffi,
714 2345 753 2375 et
784 2337 898 2384 edd.,
931 2352 1034 2390 quae
1066 2339 1232 2392 quidem
1264 2356 1348 2381 nou
1380 2350 1546 2387 omnino

81 2406 408 2458 inscriptionibus
441 2412 580 2443 carent
609 2402 780 2457 (Camp.
813 2402 915 2444 Obr.
949 2402 1119 2458 Gesn.)‚
1153 2422 1304 2447 omnes.

193 2472 229 2524 §.
277 2475 314 2510 1.
375 2488 424 2511 ac
461 2470 609 2526 depuls.
688 2482 724 2510 et
766 2471 851 2526 dep.
914 2470 1080 2525 Camp.;
1136 2475 1246 2514 idem
1289 2492 1388 2518 mox
1442 2481 1548 2522 velut

0 2523 1 2570 ¹
80 2538 187 2594 plur.
314 2541 422 2593 cujus
456 2550 565 2594 part.
638 2542 702 2579 cui
726 2550 834 2594 part.
907 2539 1045 2580 Turic.
1078 2555 1100 2580 a
1128 2557 1188 2594 pr.
1228 2558 1285 2584 m.
1408 2561 1549 2590 aucto..

85 2607 206 2647 ribus.
267 2617 393 2647 actor.
422 2607 531 2648 Flor.
649 2624 827 2662 quarum.
888 2624 1053 2662 quorum
1084 2601 1228 2651 Turio.x
1254 2609 1363 2655 Flor.
1399 2614 1542 2671 Camp.

86 2673 214 2715 Amb.
247 2680 288 2716 2.

134 2743 232 2778 Tom.
282 2740 326 2775 V·
1034 2742 1071 2783 L
