1721 2974
86 58 730 144 adouzffl'ssse.V11,9,7-15.
765 92 992 139 1o,1-17.
1027 84 1392 129 VIII.Pr.2—3.
1450 92 1530 131 375

196 204 230 258 ξ.
265 208 330 245 12.
383 200 714 257 praemunienclae.
764 198 891 241 Amb.
913 198 1231 255 praemovemlae.
1281 198 1388 240 Flor.
1406 217 1527 256 prae-

81 270 320 311 minuendae.

194 339 226 392 ᾗ.
258 344 324 379 13.
376 347 509 392 parics
524 347 695 391 propfer.
736 335 860 377 Amb.
879 336 1024 390 partim
1044 350 1128 388 per.
1178 332 1261 374 Sed
1283 335 1525 388 syllabatim

79 404 124 442 in
146 406 278 446 litura.

194 473 226 526 ᾗ.
263 471 326 512 14.
379 471 611 526 praestabit.
669 469 737 512 Sic
767 469 892 512 Amb.
921 486 942 510 e
973 471 1238 518 correctione,
1285 470 1395 522 prius
1422 470 1522 509 item

73 541 306 592 praestavit.
409 537 527 577 ducat
561 540 710 578 iterum.
760 537 888 579 Amb.
913 537 1139 588 dicendum,
1178 536 1248 577 sed
1270 535 1406 574 endum
1427 549 1522 575 cum

76 608 226 646 lineola
245 605 452 646 subducta.
503 604 644 660 Neque
664 615 800 646 tamen
819 608 950 659 placet
968 608 1130 658 vulgata
1146 606 1350 659 scriptura,
1380 605 1522 643 malim

75 672 315 712 studendum.
364 671 473 712 Tum
493 674 567 713 uis.
588 675 668 711 suis
687 689 778 711 usus
799 689 886 713 sua.
944 671 1130 726 Corrige:
1162 681 1216 711 est
1229 669 1428 729 facienda
1447 686 1520 710 sua

74 742 209 794 cuique
232 743 314 792 vis,
355 755 446 779 suus
475 756 586 789 usus,
625 756 697 779 sua
716 742 834 780 ratio.
892 739 967 781 Vis
997 749 1164 781 naturae
1182 770 1193 792 ‚
1233 753 1326 779 usus
1347 752 1518 778 consue-

72 807 246 859 tudinis,
284 809 383 848 ratio
404 809 510 848 artis.

185 875 217 927 ᾗ.
250 878 316 916 15.
369 874 478 915 Nam
509 877 617 915 viam
645 884 722 916 cet.
774 873 881 915 Flor.
913 883 959 915 ut
988 872 1102 914 Ahn.
1167 872 1249 914 Sed
1276 872 1402 913 Amb.
1434 874 1515 913 sic:

69 956 160 980 nam
181 944 248 980 via
275 941 537 983 demonstrari
553 953 702 998 potest,
745 941 933 982 velocitas
954 958 1026 981 sua
1050 943 1209 995 cuique:
1237 957 1392 989 verum„
1441 940 1517 980 His

68 1010 214 1061 poteris
246 1025 327 1049 esse
357 1019 567 1050 contentus
594 1019 633 1050 et
659 1012 966 1050 similitudinem
988 1024 1199 1062 agnoscere
1219 1008 1266 1047 de
1289 1010 1334 1046 iis
1353 1010 1424 1062 qui
1440 1009 1516 1046 iter

67 1076 218 1116 faciant
235 1087 445 1131 sumptam.
505 1077 587 1123 Sed
605 1093 750 1129 verum,
781 1078 889 1133 quod
908 1079 1105 1131 sequitur,
1138 1075 1270 1117 adhuc
1291 1076 1484 1128 displicet.

181 1145 214 1198 §0
246 1149 313 1184 16.
370 1143 544 1201 Reliqua
574 1148 758 1199 partium.
821 1143 946 1185 Amb.
987 1160 1103 1198 neque
1138 1145 1237 1183 enim
1274 1144 1419 1182 artium
1458 1151 1516 1180 est

66 1208 215 1250 demum
243 1211 469 1266 dispositio,
508 1212 575 1250 secl
602 1216 654 1253 in.
761 1212 907 1252 elabor.
958 1210 1094 1251 Turic-
1115 1210 1242 1252 Aan.
1274 1209 1378 1249 Flor.
1402 1207 1513 1248 labo-

67 1276 253 1330 randum,
295 1280 405 1334 quod
431 1282 585 1319 restitui
611 1281 721 1331 jubet
749 1278 957 1333 Spalding.
979 1281 1104 1332 praef.
1126 1278 1221 1319 Vol.
1237 1275 1298 1318 ῙΠ
1315 1291 1405 1331 pag.
1428 1273 1510 1316 XI.

144 1348 284 1398 juncti.
334 1345 461 1387 Amb.
483 1348 617 1387 vincti.
708 1346 848 1401 pellae.
896 1345 1021 1386 Amb.
1040 1345 1255 1401 perluceat.

178 1414 212 1466 ᾗ.
245 1418 310 1454 17.
367 1416 406 1453 ἰη
438 1431 597 1468 quoque.
646 1413 770 1455 Amb.
801 1416 931 1455 omitt.
961 1416 1014 1454 in.
1125 1430 1201 1453 non
1230 1429 1290 1452 res
1320 1411 1508 1452 diversae.

63 1477 188 1519 Amb.
221 1480 362 1521 Pariss.
389 1487 425 1521 1.
449 1487 488 1522 2.
510 1498 569 1520 rcs
590 1498 665 1521 non
686 1482 765 1523 div.
852 1481 1076 1536 copulaque.
1126 1479 1251 1521 Amb.
1272 1479 1427 1535 copula.

61 1546 180 1599 quod.
230 1547 354 1589 Amb.
385 1566 503 1603 quae,
542 1551 659 1589 bene.

572 1840 615 1884 L
651 1853 670 1885 1
707 1855 753 1886 Β.
835 1840 999 1886 VIII.

174 1945 305 1987 Tituli
334 1959 634 2001 praeponuntur
669 1951 736 1990 hic
769 1954 813 1990 in
843 1950 969 1991 Amb.
1001 1957 1066 1991 1.:
1114 1951 1176 1990 De
1204 1955 1347 1991 virtute
1377 1949 1508 1992 elocu-

61 2017 193 2057 1i0nis.
250 2015 314 2054 De
338 2018 626 2070 perspicuitate.
685 2018 749 2056 De
774 2029 926 2058 ornatu.
984 2019 1046 2058 De
1071 2020 1274 2073 generibus
1301 2021 1509 2059 sententia-

63 2100 162 2123 rum.
219 2082 283 2121 De
310 2085 448 2137 tropis.
506 2082 709 2125 Prooemii
732 2088 937 2140 inscriptio
959 2089 1090 2128 nulla.

488 2194 1074 2241 PROOEMIUM.

174 2287 208 2340 ξ.
239 2291 278 2326 2.
337 2301 572 2326 numerosae.
624 2285 731 2327 Flor.
752 2287 879 2329 Amb.
899 2292 1177 2331 innumerosae.
1226 2289 1317 2331 Par.
1339 2294 1374 2330 1.
1404 2289 1508 2340 iniu-

64 2354 200 2394 riosae.
298 2351 505 2393 didicerint
550 2354 674 2395 Aan.
697 2354 928 2397 didicerunt.

175 2421 211 2473 §.
241 2425 280 2462 3.
339 2425 570 2462 extiterunt.
625 2422 749 2464 Amb.
778 2427 1003 2472 extiterint,
1043 2424 1151 2479 quod
1179 2427 1253 2464 toti
1284 2425 1505 2465 sententiae

63 2489 204 2540 aptius.
308 2500 527 2544 sequuntur.
583 2488 708 2530 Amb.
735 2502 951 2546 sequentur.
1061 2508 1135 2547 quo
1165 2491 1336 2532 duxeris
1361 2494 1508 2545 legitur

64 2557 106 2593 in
125 2554 248 2596 Amb.
364 2556 550 2598 discendi.
597 2557 724 2599 Amb.
746 2558 920 2609 dicendi,
953 2559 1061 2615 quod
1082 2561 1198 2600 facile
1221 2562 1462 2614 probaveris.
