1721 2974
132 164 213 203 314
571 162 843 219 Supplementa
872 163 1137 202 annotationis

132 277 301 328 conjecit
331 280 380 317 si
408 287 475 317 aut
495 293 581 317 cum
600 278 696 331 ipsis
719 275 911 330 loquimur
929 277 979 316 ad
998 276 1321 316 emendationem
1339 280 1572 320 1001110003-

129 347 279 384 sarium
303 346 492 397 videtur]

243 417 277 466 §.
306 419 373 454 26.
429 413 608 468 ‹stc-cius,
658 410 765 451 Jens.
788 411 960 467 ψοίας.
1058 412 1222 455 videtur.
1262 429 1342 454 om.
1363 411 1487 454 Goth.

129 479 318 536 deflentes.
363 479 485 520 Amb.
509 484 546 519 1.
568 478 753 533 deflentis.
840 482 1028 534 accipere.
1079 479 1200 521 Amb.
1222 487 1259 522 1.
1281 481 1388 522 Flor.
1411 496 1573 536 quoque

128 552 272 589 accire.
360 547 529 603 quadam
546 557 651 600 port.
702 546 770 587 Sic
790 550 911 587 etiam
927 545 1050 588 Amb.
1082 553 1120 589 1.
1147 549 1254 590 Flor.
1277 549 1367 590 Par.
1391 553 1425 588 1.
1445 555 1486 590 2.

128 616 392 672 qfficicndum·
441 614 578 673 Etiam
609 614 700 656 Par.
728 621 764 656 1.
802 616 1058 671 efficiendum.
1173 618 1388 673 eademque.
1439 616 1576 658 Etiam

126 681 248 723 Amb.
272 689 308 724 1.
336 682 444 723 Flor-

241 755 276 804 §.
310 755 378 791 27.
437 749 551 790 idem.
601 766 682 792 om.
704 748 829 791 Goth.
949 755 996 793 εἰ.
1050 767 1130 793 om.
1149 751 1282 806 Flor.;
1324 763 1364 793 at
1382 752 1507 793 Amb.
1537 758 1575 793 1.

128 820 164 858 εἰ
189 828 276 872 post
303 829 431 857 tamen
458 821 596 871 ponit,
643 828 682 859 et
710 828 847 872 postea
875 823 1024 859 omittit
1048 831 1096 859 et.
1208 822 1329 860 verba
1349 836 1460 861 conv.
1509 819 1577 860 Sic

128 889 250 925 etiam
272 884 396 926 Amb,
423 891 459 926 1.
480 885 588 927 Flor.
621 886 708 927 Par.
734 892 773 927 1.
883 890 1185 942 conquestiones.
1234 888 1360 928 Amb.
1397 893 1433 928 1.
1466 888 1575 928 Flor.

127 956 431 1008 conquestionis.
550 953 774 1010 Ost-nstra.
823 953 950 994 Amb.
977 960 1014 995 1.
1048 954 1155 996 Flor.
1185 959 1313 996 omitt.
1342 971 1499 1011 quoque
1526 955 1576 996 Ο.

216 1020 252 1060 Ο
272 1038 370 1075 spes,
419 1020 556 1061 Etiam
573 1022 680 1062 Flor.
704 1038 726 1062 a
745 1038 803 1076 pr.
822 1038 878 1063 m.
903 1040 1005 1078 opes,
1115 1026 1249 1063 inanes
1274 1041 1393 1064 meae.
1445 1022 1575 1069 Aan.

128 1093 166 1128 1.
199 1088 303 1128 Flor.
332 1091 360 1130 i.
390 1107 510 1130 meas.
558 1090 649 1131 Par.
674 1096 710 1130 1.
731 1096 771 1131 2.
802 1106 907 1130 meas
934 1093 961 1130 i.
1018 1090 1131 1131 Sich.
1160 1109 1267 1131 meae
1294 1094 1322 1132 i.
1434 1102 1576 1131 tamen.

124 1159 254 1197 omitt.
284 1157 390 1199 Flor.
421 1157 562 1212 Cmnp.
680 1158 789 1197 debet
818 1175 897 1198 esse
927 1157 1059 1211 longa.
1112 1158 1252 1212 Camp.
1277 1157 1305 1200 l.
1327 1176 1359 1200 e.
1381 1158 1422 1199 d.
1470 1159 1579 1205 Flor.

124 1223 165 1264 ἄ.
198 1224 224 1264 Ζ.
257 1242 289 1266 e.

241 1297 275 1343 ξ.
306 1299 370 1335 28.
430 1298 562 1334 citius.
613 1294 750 1334 Turio.
772 1310 794 1335 a
811 1312 871 1349 pr.
893 1310 949 1336 m.
974 1297 1077 1335 citis.
1171 1312 1287 1350 quam
1306 1294 1384 1336 dic.
1437 1293 1578 1349 Camp.

125 1377 235 1414 quern
260 1362 297 1402 cl.
412 1361 648 1418 lamnfafig.
697 1362 729 1402 F
732 1366 806 1404 lor.
835 1379 997 1418 quoque
1016 1362 1140 1419 salig.
1165 1364 1264 1404 laer.
1366 1380 1579 1404 moramur.

127 1427 261 1469 Guelf.
284 1433 485 1470 miramur.
542 1430 682 1485 Camp.
716 1442 935 1471 moraniur.

239 1501 276 1551 §.
311 1506 380 1541 29.
439 1499 513 1538 hoc
535 1515 643 1554 opus.
694 1497 802 1539 Flor.
827 1497 967 1553 Camp.
994 1515 1030 1540 ο.
1054 1499 1093 1540 ἦ.
1200 1515 1400 1539 summum.
1452 1497 1578 1540 Goth.

126 1587 329 1612 summam.
441 1567 759 1622 percluoeerimuS.
812 1566 919 1607 Edd.
952 1582 975 1606 a
1001 1567 1116 1623 Jens4
1145 1568 1197 1609 ad
1225 1565 1321 1608 Ald.
1348 1583 1464 1608 meae
1481 1584 1580 1622 pro-

127 1641 371 1679 duxerimus.
458 1647 511 1675 ut.
551 1634 692 1688 Camp.
716 1646 769 1675 at.
855 1634 985 1674 aliena
1004 1639 1205 1690 quisquam
1225 1636 1304 1675 diu.
1349 1634 1458 1675 Flor.
1482 1635 1581 1674 alie-

126 1725 178 1747 na
200 1706 343 1760 aliquis
366 1705 567 1758 quisquam
585 1702 623 1742 (ἶ.
732 1702 903 1756 Ideoque
931 1719 1030 1742 cum.
1083 1703 1206 1742 Aan.
1231 1709 1266 1742 1.
1287 1703 1448 1757 ideoque
1472 1719 1580 1742 cum-

126 1794 212 1833 quc.
262 1774 400 1814 Turio.
437 1787 460 1810 a
490 1787 548 1824 pr.
576 1785 631 1810 m.
661 1769 768 1810 Flor.
801 1770 886 1810 ideo
911 1787 1083 1824 cumque.
1199 1771 1275 1809 hac
1292 1781 1420 1825 parte.
1469 1769 1577 1811 Flor.

126 1845 238 1886 Alm.
262 1845 388 1882 omitt.
407 1840 495 1879 hac.
603 1838 710 1877 debet
735 1855 919 1878 crescere.
968 1837 1000 1877 F
1003 1841 1077 1877 lor.
1098 1836 1237 1891 Camp.
1263 1854 1319 1878 cr.
1345 1837 1384 1878 d.

241 1913 276 1963 ξ.
310 1915 377 1949 30.
441 1906 669 1962 producere.
727 1905 837 1946 Jens.
880 1915 919 1945 et
954 1915 1046 1944 cett.
1090 1915 1181 1944 ante
1219 1904 1317 1945 Ald.
1353 1904 1580 1960 perducere,

127 1981 236 2037 quod
264 1981 419 2031 saepius
450 1984 489 2014 et
517 1978 562 2014 in
592 1976 728 2014 ceteris
763 1988 856 2012 oum
872 1975 1165 2026 praepositione
1179 1989 1254 2027 pro
1274 1975 1498 2026 compositis
1516 1974 1581 2011 fa-

127 2053 262 2099 ciunt,
310 2061 354 2085 ac
384 2047 472 2084 vice
505 2058 617 2083 versa
641 2058 715 2096 pro
745 2044 834 2081 loco
862 2058 934 2096 per
953 2049 1124 2094 ponunt.
1242 2051 1386 2080 eruent.
1416 2039 1474 2093 gl.
1506 2050 1581 2081 ost.

125 2117 215 2157 Hoc
255 2115 393 2154 ordine
435 2115 555 2151 etiam
593 2109 717 2151 Amb.
755 2114 790 2150 1.
833 2108 943 2149 Flor.
1080 2125 1100 2148 e
1128 2108 1232 2149 vuln.
1293 2105 1416 2148 Goth.
1458 2104 1513 2147 ex
1542 2123 1579 2147 v.

128 2184 311 2239 [Omisit
331 2181 588 2234 Spaldingius
613 2179 777 2218 laudare
805 2180 943 2218 locum
971 2179 1094 2231 ipsius
1127 2174 1302 2228 Quintil.
1325 2173 1443 2227 VIII,
1465 2180 1502 2225 5,
1523 2180 1576 2215 21

127 2253 230 2293 lecta
258 2269 277 2290 e
311 2251 438 2304 capite
469 2247 668 2303 cujusdam
698 2263 810 2296 ossa,
849 2249 921 2285 ubi
951 2243 1149 2286 Gesnerus
1173 2248 1298 2284 alium
1324 2247 1461 2284 locum
1481 2246 1580 2306 item

126 2320 355 2375 probationi
384 2319 561 2356 maxime
584 2316 778 2354 idoneum
809 2315 924 2354 affert
951 2312 1127 2353 Senecae
1158 2314 1206 2352 de
1225 2311 1369 2352 Benef.
1391 2316 1430 2364 5,
1455 2312 1509 2353 24
1538 2314 1580 2352 in

129 2391 257 2442 capite
290 2386 391 2425 lecta
423 2401 527 2424 ossa.
587 2382 691 2423 Satis
713 2385 835 2436 igitur
862 2385 981 2421 lectio
1013 2384 1173 2434 vulgata
1197 2381 1423 2420 defenditur
1442 2389 1580 2420 contra

128 2455 437 2502 Burmannum,
476 2468 551 2492 11θο
586 2460 725 2491 tamen
747 2452 885 2503 negari
916 2458 1064 2503 potest,
1103 2464 1195 2489 cum
1210 2464 1307 2487 mox
1328 2449 1376 2487 de
1398 2450 1580 2487 vulneri-

131 2528 203 2564 bus
238 2526 416 2572 dicatur,
451 2521 529 2560 1100
559 2523 647 2559 1000
675 2521 868 2572 aptiorem
893 2533 976 2557 esse
1002 2516 1182 2573 fhnerum
1203 2515 1498 2566 mentionem]

129 2592 324 2648 pctfusas.
377 2589 513 2631 Guelf.
537 2586 676 2640 Camp.
702 2584 903 2643 profusas,
1019 2601 1068 2624 ac
1097 2585 1200 2624 verb.
1249 2583 1376 2624 Amb.
1399 2588 1435 2623 1.
1469 2583 1577 2624 Flor.

135 2674 292 2715 quoque
317 2660 444 2699 omitt.
465 2673 528 2698 ac.
641 2655 795 2696 nudari.
843 2653 979 2694 Turio.
1002 2668 1024 2692 a
1044 2668 1101 2706 pr.
1125 2668 1178 2692 m.
1204 2651 1380 2692 nudanti-
