<?xml version="1.0" encoding="UTF-8"?>
<!DOCTYPE html PUBLIC "-//W3C//DTD XHTML 1.0 Transitional//EN"
    "http://www.w3.org/TR/xhtml1/DTD/xhtml1-transitional.dtd">
<html xmlns="http://www.w3.org/1999/xhtml" xml:lang="en" lang="en">
 <head>
  <title>
</title>
<meta http-equiv="Content-Type" content="text/html;charset=utf-8" />
  <meta name='ocr-system' content='tesseract 3.04.00' />
  <meta name='ocr-capabilities' content='ocr_page ocr_carea ocr_par ocr_line ocrx_word'/>
</head>
<body>
  <div class='ocr_page' id='page_1' title='image "./deinstitutioneor05quinuoft_0389.png"; bbox 0 0 1721 2974; ppageno 0'>
   <div class='ocr_carea' id='block_1_1' title="bbox 370 153 1529 209">
    <p class='ocr_par' dir='ltr' id='par_1_1' title="bbox 370 153 1529 209">
     <span class='ocr_line' id='line_1_1' title="bbox 370 153 1529 209; baseline 0.002 -14"><span class='ocrx_word' id='word_1_1' title='bbox 370 155 423 195; x_wconf 75' lang='lat' dir='ltr'><strong>cul</strong></span> <span class='ocrx_word' id='word_1_2' title='bbox 455 154 617 209; x_wconf 74' lang='lat' dir='ltr'><strong>Quintil.</strong></span> <span class='ocrx_word' id='word_1_3' title='bbox 650 153 783 196; x_wconf 76' lang='lat' dir='ltr'><strong>Instit.</strong></span> <span class='ocrx_word' id='word_1_4' title='bbox 820 153 921 207; x_wconf 69' lang='lat' dir='ltr'><em>VII,</em></span> <span class='ocrx_word' id='word_1_5' title='bbox 955 159 991 194; x_wconf 91' lang='grc'><strong>1.</strong></span> <span class='ocrx_word' id='word_1_6' title='bbox 1024 155 1059 206; x_wconf 79' lang='lat'><strong>§.</strong></span> <span class='ocrx_word' id='word_1_7' title='bbox 1092 159 1256 196; x_wconf 81' lang='grc'><strong>1-17,</strong></span> <span class='ocrx_word' id='word_1_8' title='bbox 1454 159 1529 197; x_wconf 79' lang='lat'><strong>357</strong></span> 
     </span>
    </p>
   </div>
   <div class='ocr_carea' id='block_1_2' title="bbox 77 267 1532 525">
    <p class='ocr_par' dir='ltr' id='par_1_2' title="bbox 77 267 1532 525">
     <span class='ocr_line' id='line_1_2' title="bbox 80 267 1532 322; baseline 0.001 -15"><span class='ocrx_word' id='word_1_9' title='bbox 80 268 300 322; x_wconf 80' lang='lat' dir='ltr'>appendice</span> <span class='ocrx_word' id='word_1_10' title='bbox 320 269 688 310; x_wconf 76' lang='lat' dir='ltr'><strong>dissertatiunculae</strong></span> <span class='ocrx_word' id='word_1_11' title='bbox 712 268 825 308; x_wconf 82' lang='lat' dir='ltr'><strong>Halis</strong></span> <span class='ocrx_word' id='word_1_12' title='bbox 853 282 890 307; x_wconf 81' lang='lat' dir='ltr'><strong>a.</strong></span> <span class='ocrx_word' id='word_1_13' title='bbox 917 271 1022 308; x_wconf 84' lang='grc'><strong>1818</strong></span> <span class='ocrx_word' id='word_1_14' title='bbox 1046 267 1094 306; x_wconf 82' lang='lat' dir='ltr'><strong>de</strong></span> <span class='ocrx_word' id='word_1_15' title='bbox 1116 276 1352 320; x_wconf 66' lang='lat' dir='ltr'><strong>argumento</strong></span> <span class='ocrx_word' id='word_1_16' title='bbox 1372 269 1532 309; x_wconf 68' lang='lat' dir='ltr'><strong>theolo-</strong></span> 
     </span>
     <span class='ocr_line' id='line_1_3' title="bbox 78 335 1531 390; baseline 0.002 -17"><span class='ocrx_word' id='word_1_17' title='bbox 78 338 167 387; x_wconf 83' lang='lat' dir='ltr'><strong>gico</strong></span> <span class='ocrx_word' id='word_1_18' title='bbox 195 339 439 390; x_wconf 75' lang='lat' dir='ltr'><strong>conscriptae</strong></span> <span class='ocrx_word' id='word_1_19' title='bbox 467 339 541 376; x_wconf 84' lang='lat' dir='ltr'><strong>sibi</strong></span> <span class='ocrx_word' id='word_1_20' title='bbox 572 352 611 389; x_wconf 88' lang='lat' dir='ltr'><strong>p.</strong></span> <span class='ocrx_word' id='word_1_21' title='bbox 638 340 692 377; x_wconf 87' lang='lat'><strong>25</strong></span> <span class='ocrx_word' id='word_1_22' title='bbox 720 337 818 376; x_wconf 85' lang='lat' dir='ltr'><strong>dicit</strong></span> <span class='ocrx_word' id='word_1_23' title='bbox 846 336 1073 388; x_wconf 80' lang='lat' dir='ltr'>legendum·</span> <span class='ocrx_word' id='word_1_24' title='bbox 1095 336 1221 375; x_wconf 80' lang='lat' dir='ltr'><strong>videri</strong></span> <span class='ocrx_word' id='word_1_25' title='bbox 1251 335 1347 388; x_wconf 74' lang='lat' dir='ltr'><strong>quid</strong></span> <span class='ocrx_word' id='word_1_26' title='bbox 1360 339 1531 390; x_wconf 79' lang='lat' dir='ltr'><em>primam</em></span> 
     </span>
     <span class='ocr_line' id='line_1_4' title="bbox 77 403 1530 460; baseline 0.002 -20"><span class='ocrx_word' id='word_1_27' title='bbox 77 406 338 456; x_wconf 82' lang='lat' dir='ltr'><strong>quaestionem</strong></span> <span class='ocrx_word' id='word_1_28' title='bbox 359 403 521 460; x_wconf 73' lang='lat' dir='ltr'><strong>saciat,</strong></span> <span class='ocrx_word' id='word_1_29' title='bbox 562 405 654 442; x_wconf 81' lang='lat' dir='ltr'><strong>satis</strong></span> <span class='ocrx_word' id='word_1_30' title='bbox 684 412 820 456; x_wconf 78' lang='lat' dir='ltr'><strong>aperta</strong></span> <span class='ocrx_word' id='word_1_31' title='bbox 848 405 1068 454; x_wconf 80' lang='lat' dir='ltr'><strong>sententia,</strong></span> <span class='ocrx_word' id='word_1_32' title='bbox 1111 417 1214 457; x_wconf 78' lang='lat' dir='ltr'>quae</span> <span class='ocrx_word' id='word_1_33' title='bbox 1244 411 1380 443; x_wconf 81' lang='lat' dir='ltr'>tamen</span> <span class='ocrx_word' id='word_1_34' title='bbox 1409 407 1530 443; x_wconf 83' lang='lat' dir='ltr'>etiam</span> 
     </span>
     <span class='ocr_line' id='line_1_5' title="bbox 78 469 1164 525; baseline 0 -17"><span class='ocrx_word' id='word_1_35' title='bbox 78 472 245 510; x_wconf 80' lang='lat' dir='ltr'><strong>efficitur</strong></span> <span class='ocrx_word' id='word_1_36' title='bbox 258 502 269 522; x_wconf 83' lang='lat'>‚</span> <span class='ocrx_word' id='word_1_37' title='bbox 310 473 342 510; x_wconf 90' lang='lat' dir='ltr'><strong>si</strong></span> <span class='ocrx_word' id='word_1_38' title='bbox 361 472 559 523; x_wconf 77' lang='lat' dir='ltr'><strong>scripseris</strong></span> <span class='ocrx_word' id='word_1_39' title='bbox 587 486 686 524; x_wconf 82' lang='lat' dir='ltr'><strong><em>quae</em></strong></span> <span class='ocrx_word' id='word_1_40' title='bbox 701 472 835 524; x_wconf 81' lang='lat' dir='ltr'><strong>prima</strong></span> <span class='ocrx_word' id='word_1_41' title='bbox 856 472 1028 524; x_wconf 81' lang='lat' dir='ltr'><strong>quaestio</strong></span> <span class='ocrx_word' id='word_1_42' title='bbox 1036 469 1164 525; x_wconf 53' lang='grc' dir='ltr'><strong>βίω]</strong></span> 
     </span>
    </p>
   </div>
   <div class='ocr_carea' id='block_1_3' title="bbox 65 557 1528 882">
    <p class='ocr_par' dir='ltr' id='par_1_3' title="bbox 65 557 1528 882">
     <span class='ocr_line' id='line_1_6' title="bbox 186 557 1528 612; baseline 0.001 -14"><span class='ocrx_word' id='word_1_43' title='bbox 186 563 221 612; x_wconf 88' lang='lat'><strong>§.</strong></span> <span class='ocrx_word' id='word_1_44' title='bbox 254 564 293 601; x_wconf 88' lang='lat'><strong>9.</strong></span> <span class='ocrx_word' id='word_1_45' title='bbox 351 558 459 599; x_wconf 87' lang='lat' dir='ltr'><strong>Flor.</strong></span> <span class='ocrx_word' id='word_1_46' title='bbox 491 568 531 598; x_wconf 87' lang='lat' dir='ltr'><strong>et</strong></span> <span class='ocrx_word' id='word_1_47' title='bbox 558 557 684 599; x_wconf 85' lang='lat' dir='ltr'><strong>Amb.</strong></span> <span class='ocrx_word' id='word_1_48' title='bbox 708 565 744 600; x_wconf 88' lang='lat'><strong>1.</strong></span> <span class='ocrx_word' id='word_1_49' title='bbox 771 562 869 599; x_wconf 79' lang='lat' dir='ltr'>item</span> <span class='ocrx_word' id='word_1_50' title='bbox 898 558 1149 600; x_wconf 72' lang='lat' dir='ltr'><strong>occidendum</strong></span> <span class='ocrx_word' id='word_1_51' title='bbox 1176 570 1211 599; x_wconf 83' lang='lat' dir='ltr'><strong>ct</strong></span> <span class='ocrx_word' id='word_1_52' title='bbox 1236 558 1305 600; x_wconf 78' lang='lat' dir='ltr'><strong>Cn.</strong></span> <span class='ocrx_word' id='word_1_53' title='bbox 1331 559 1528 600; x_wconf 83' lang='lat' dir='ltr'><strong>Uarenum</strong></span> 
     </span>
     <span class='ocr_line' id='line_1_7' title="bbox 73 624 1525 682; baseline 0.001 -18"><span class='ocrx_word' id='word_1_54' title='bbox 73 624 352 666; x_wconf 76' lang='lat' dir='ltr'><strong>vulnerandum</strong></span> <span class='ocrx_word' id='word_1_55' title='bbox 388 636 424 664; x_wconf 81' lang='lat' dir='ltr'><strong>et</strong></span> <span class='ocrx_word' id='word_1_56' title='bbox 462 625 665 665; x_wconf 75' lang='lat' dir='ltr'><strong>Salarium</strong></span> <span class='ocrx_word' id='word_1_57' title='bbox 702 625 834 680; x_wconf 87' lang='lat' dir='ltr'><strong>(Flor.</strong></span> <span class='ocrx_word' id='word_1_58' title='bbox 865 624 1092 682; x_wconf 75' lang='lat' dir='ltr'><strong>Solarium)</strong></span> <span class='ocrx_word' id='word_1_59' title='bbox 1130 629 1219 666; x_wconf 81' lang='lat' dir='ltr'><strong>item</strong></span> <span class='ocrx_word' id='word_1_60' title='bbox 1259 627 1525 668; x_wconf 75' lang='lat' dir='ltr'><strong>occidendum.</strong></span> 
     </span>
     <span class='ocr_line' id='line_1_8' title="bbox 74 691 1525 748; baseline 0.001 -17"><span class='ocrx_word' id='word_1_61' title='bbox 74 691 184 732; x_wconf 89' lang='lat' dir='ltr'><strong>Tum</strong></span> <span class='ocrx_word' id='word_1_62' title='bbox 210 692 335 733; x_wconf 84' lang='lat' dir='ltr'><strong>Amb.</strong></span> <span class='ocrx_word' id='word_1_63' title='bbox 363 698 399 732; x_wconf 89' lang='lat'><strong>1.</strong></span> <span class='ocrx_word' id='word_1_64' title='bbox 432 710 526 734; x_wconf 84' lang='lat' dir='ltr'><strong>ca..</strong></span> <span class='ocrx_word' id='word_1_65' title='bbox 558 696 614 733; x_wconf 85' lang='lat' dir='ltr'><strong>ita</strong></span> <span class='ocrx_word' id='word_1_66' title='bbox 644 702 690 733; x_wconf 83' lang='lat' dir='ltr'><strong>ut</strong></span> <span class='ocrx_word' id='word_1_67' title='bbox 713 697 802 733; x_wconf 86' lang='lat' dir='ltr'><strong>finis</strong></span> <span class='ocrx_word' id='word_1_68' title='bbox 836 696 1021 733; x_wconf 79' lang='lat' dir='ltr'><strong>vocabuli</strong></span> <span class='ocrx_word' id='word_1_69' title='bbox 1050 697 1091 732; x_wconf 85' lang='lat' dir='ltr'><strong>in</strong></span> <span class='ocrx_word' id='word_1_70' title='bbox 1122 697 1242 734; x_wconf 78' lang='lat' dir='ltr'>litura</span> <span class='ocrx_word' id='word_1_71' title='bbox 1270 697 1333 734; x_wconf 80' lang='lat' dir='ltr'><strong>sit.</strong></span> <span class='ocrx_word' id='word_1_72' title='bbox 1395 693 1525 748; x_wconf 81' lang='lat' dir='ltr'>[Inde</span> 
     </span>
     <span class='ocr_line' id='line_1_9' title="bbox 72 758 1527 815; baseline 0.003 -18"><span class='ocrx_word' id='word_1_73' title='bbox 72 761 114 798; x_wconf 86' lang='lat' dir='ltr'><strong>fit</strong></span> <span class='ocrx_word' id='word_1_74' title='bbox 134 763 468 800; x_wconf 83' lang='lat' dir='ltr'>verisimillimum</span> <span class='ocrx_word' id='word_1_75' title='bbox 489 763 641 800; x_wconf 75' lang='lat' dir='ltr'><strong>curavit</strong></span> <span class='ocrx_word' id='word_1_76' title='bbox 664 776 686 800; x_wconf 80' lang='lat' dir='ltr'>a</span> <span class='ocrx_word' id='word_1_77' title='bbox 708 758 967 810; x_wconf 79' lang='lat' dir='ltr'><strong>Ouintssiano</strong></span> <span class='ocrx_word' id='word_1_78' title='bbox 988 764 1179 815; x_wconf 77' lang='lat' dir='ltr'><strong>scriptum</strong></span> <span class='ocrx_word' id='word_1_79' title='bbox 1198 759 1328 815; x_wconf 83' lang='lat' dir='ltr'><strong>esse.]</strong></span> <span class='ocrx_word' id='word_1_80' title='bbox 1415 759 1527 802; x_wconf 74' lang='lat' dir='ltr'><strong>aliud</strong></span> 
     </span>
     <span class='ocr_line' id='line_1_10' title="bbox 65 826 1246 882; baseline 0.004 -18"><span class='ocrx_word' id='word_1_81' title='bbox 65 829 162 879; x_wconf 83' lang='lat' dir='ltr'><strong>jure.</strong></span> <span class='ocrx_word' id='word_1_82' title='bbox 218 826 345 868; x_wconf 75' lang='lat' dir='ltr'><strong>Amb.</strong></span> <span class='ocrx_word' id='word_1_83' title='bbox 369 833 406 868; x_wconf 90' lang='lat'><strong>1.</strong></span> <span class='ocrx_word' id='word_1_84' title='bbox 437 837 476 868; x_wconf 89' lang='lat' dir='ltr'><strong>et</strong></span> <span class='ocrx_word' id='word_1_85' title='bbox 504 827 612 868; x_wconf 87' lang='lat' dir='ltr'><strong>Flor.</strong></span> <span class='ocrx_word' id='word_1_86' title='bbox 645 827 756 867; x_wconf 67' lang='lat' dir='ltr'><strong>aliud,</strong></span> <span class='ocrx_word' id='word_1_87' title='bbox 776 846 801 868; x_wconf 87' lang='grc' dir='ltr'>α</span> <span class='ocrx_word' id='word_1_88' title='bbox 823 831 935 881; x_wconf 80' lang='lat' dir='ltr'><strong>jure,</strong></span> <span class='ocrx_word' id='word_1_89' title='bbox 974 830 1084 882; x_wconf 83' lang='lat' dir='ltr'><strong>quod</strong></span> <span class='ocrx_word' id='word_1_90' title='bbox 1107 831 1246 881; x_wconf 86' lang='lat' dir='ltr'><strong>probo.</strong></span> 
     </span>
    </p>
   </div>
   <div class='ocr_carea' id='block_1_4' title="bbox 183 916 1525 972">
    <p class='ocr_par' dir='ltr' id='par_1_4' title="bbox 183 916 1525 972">
     <span class='ocr_line' id='line_1_11' title="bbox 183 916 1525 972; baseline 0.001 -17"><span class='ocrx_word' id='word_1_91' title='bbox 183 917 217 967; x_wconf 89' lang='lat'><strong>§.</strong></span> <span class='ocrx_word' id='word_1_92' title='bbox 251 922 315 957; x_wconf 88' lang='grc'><strong>10.</strong></span> <span class='ocrx_word' id='word_1_93' title='bbox 375 919 508 970; x_wconf 73' lang='lat' dir='ltr'><strong>agenti</strong></span> <span class='ocrx_word' id='word_1_94' title='bbox 526 928 581 956; x_wconf 82' lang='lat' dir='ltr'><strong>est</strong></span> <span class='ocrx_word' id='word_1_95' title='bbox 601 916 895 971; x_wconf 69' lang='lat' dir='ltr'><strong>dispiciendum.</strong></span> <span class='ocrx_word' id='word_1_96' title='bbox 957 917 1066 958; x_wconf 83' lang='lat' dir='ltr'><strong>Flor.</strong></span> <span class='ocrx_word' id='word_1_97' title='bbox 1089 929 1125 956; x_wconf 80' lang='lat' dir='ltr'><strong>ct</strong></span> <span class='ocrx_word' id='word_1_98' title='bbox 1151 918 1293 971; x_wconf 73' lang='lat' dir='ltr'><strong>agendi</strong></span> <span class='ocrx_word' id='word_1_99' title='bbox 1323 918 1525 972; x_wconf 72' lang='lat' dir='ltr'><strong>clispitien-</strong></span> 
     </span>
    </p>
   </div>
   <div class='ocr_carea' id='block_1_5' title="bbox 67 983 1525 1172">
    <p class='ocr_par' dir='ltr' id='par_1_5' title="bbox 67 983 1525 1172">
     <span class='ocr_line' id='line_1_12' title="bbox 68 983 1525 1039; baseline 0.001 -17"><span class='ocrx_word' id='word_1_100' title='bbox 68 983 172 1024; x_wconf 72' lang='lat' dir='ltr'><strong>«lum.</strong></span> <span class='ocrx_word' id='word_1_101' title='bbox 290 984 344 1023; x_wconf 72' lang='lat' dir='ltr'><strong>acl</strong></span> <span class='ocrx_word' id='word_1_102' title='bbox 364 995 549 1024; x_wconf 79' lang='lat' dir='ltr'><strong>actorem.</strong></span> <span class='ocrx_word' id='word_1_103' title='bbox 605 983 714 1025; x_wconf 84' lang='lat' dir='ltr'><strong>Flor.</strong></span> <span class='ocrx_word' id='word_1_104' title='bbox 747 1000 770 1025; x_wconf 83' lang='lat' dir='ltr'>a</span> <span class='ocrx_word' id='word_1_105' title='bbox 793 1001 853 1039; x_wconf 83' lang='lat' dir='ltr'><strong>pr.</strong></span> <span class='ocrx_word' id='word_1_106' title='bbox 874 1000 930 1026; x_wconf 87' lang='lat' dir='ltr'><strong>m.</strong></span> <span class='ocrx_word' id='word_1_107' title='bbox 963 985 1017 1025; x_wconf 75' lang='lat' dir='ltr'><strong>orl</strong></span> <span class='ocrx_word' id='word_1_108' title='bbox 1036 985 1246 1026; x_wconf 74' lang='lat' dir='ltr'><strong>doctor-em.</strong></span> <span class='ocrx_word' id='word_1_109' title='bbox 1364 985 1525 1025; x_wconf 70' lang='lat' dir='ltr'><strong>Cicero-</strong></span> 
     </span>
     <span class='ocr_line' id='line_1_13' title="bbox 67 1051 1523 1107; baseline 0.001 -17"><span class='ocrx_word' id='word_1_110' title='bbox 67 1068 151 1090; x_wconf 82' lang='lat' dir='ltr'><strong>nem</strong></span> <span class='ocrx_word' id='word_1_111' title='bbox 180 1062 345 1092; x_wconf 65' lang='lat' dir='ltr'><strong>securus.</strong></span> <span class='ocrx_word' id='word_1_112' title='bbox 402 1051 613 1093; x_wconf 85' lang='lat' dir='ltr'>Omittunt</span> <span class='ocrx_word' id='word_1_113' title='bbox 642 1063 721 1104; x_wconf 82' lang='lat' dir='ltr'><strong>est,</strong></span> <span class='ocrx_word' id='word_1_114' title='bbox 767 1053 878 1107; x_wconf 85' lang='lat' dir='ltr'><strong>quod</strong></span> <span class='ocrx_word' id='word_1_115' title='bbox 906 1055 1027 1106; x_wconf 78' lang='lat' dir='ltr'><strong>vulgo</strong></span> <span class='ocrx_word' id='word_1_116' title='bbox 1058 1055 1349 1106; x_wconf 72' lang='lat' dir='ltr'><strong>interponitur,</strong></span> <span class='ocrx_word' id='word_1_117' title='bbox 1401 1055 1523 1091; x_wconf 80' lang='lat' dir='ltr'>etiam</span> 
     </span>
     <span class='ocr_line' id='line_1_14' title="bbox 67 1118 1523 1172; baseline 0.001 -15"><span class='ocrx_word' id='word_1_118' title='bbox 67 1118 174 1159; x_wconf 84' lang='lat' dir='ltr'><strong>Flor.</strong></span> <span class='ocrx_word' id='word_1_119' title='bbox 207 1128 247 1159; x_wconf 88' lang='lat' dir='ltr'><strong>et</strong></span> <span class='ocrx_word' id='word_1_120' title='bbox 272 1118 398 1159; x_wconf 82' lang='lat' dir='ltr'><strong>Amb.</strong></span> <span class='ocrx_word' id='word_1_121' title='bbox 425 1126 464 1160; x_wconf 91' lang='grc'><strong>1.</strong></span> <span class='ocrx_word' id='word_1_122' title='bbox 577 1120 718 1160; x_wconf 76' lang='lat' dir='ltr'><strong>medio.</strong></span> <span class='ocrx_word' id='word_1_123' title='bbox 766 1120 877 1161; x_wconf 85' lang='lat' dir='ltr'><strong>Flor.</strong></span> <span class='ocrx_word' id='word_1_124' title='bbox 908 1129 949 1160; x_wconf 88' lang='lat' dir='ltr'><strong>et</strong></span> <span class='ocrx_word' id='word_1_125' title='bbox 977 1119 1102 1161; x_wconf 74' lang='lat' dir='ltr'><strong>Amb.</strong></span> <span class='ocrx_word' id='word_1_126' title='bbox 1134 1126 1170 1161; x_wconf 89' lang='lat'><strong>1.</strong></span> <span class='ocrx_word' id='word_1_127' title='bbox 1199 1120 1356 1172; x_wconf 69' lang='lat' dir='ltr'><strong>meslia5</strong></span> <span class='ocrx_word' id='word_1_128' title='bbox 1400 1120 1523 1159; x_wconf 74' lang='lat' dir='ltr'>iidem</span> 
     </span>
    </p>
   </div>
   <div class='ocr_carea' id='block_1_6' title="bbox 0 1195 600 1240">
    <p class='ocr_par' dir='ltr' id='par_1_6' title="bbox 0 1195 600 1240">
     <span class='ocr_line' id='line_1_15' title="bbox 0 1195 600 1240; baseline 0.003 -15"><span class='ocrx_word' id='word_1_129' title='bbox 0 1195 2 1197; x_wconf 85' lang='lat'>&#39;</span> <span class='ocrx_word' id='word_1_130' title='bbox 67 1195 155 1238; x_wconf 87' lang='lat' dir='ltr'><strong>post</strong></span> <span class='ocrx_word' id='word_1_131' title='bbox 175 1202 326 1225; x_wconf 84' lang='lat' dir='ltr'><strong>summa</strong></span> <span class='ocrx_word' id='word_1_132' title='bbox 347 1202 417 1240; x_wconf 90' lang='lat' dir='ltr'><strong>pro</strong></span> <span class='ocrx_word' id='word_1_133' title='bbox 441 1204 600 1227; x_wconf 80' lang='lat' dir='ltr'><strong>summo.</strong></span> 
     </span>
    </p>
   </div>
   <div class='ocr_carea' id='block_1_7' title="bbox 63 1276 1522 1465">
    <p class='ocr_par' dir='ltr' id='par_1_7' title="bbox 63 1276 1522 1465">
     <span class='ocr_line' id='line_1_16' title="bbox 182 1276 1522 1334; baseline 0.001 -20"><span class='ocrx_word' id='word_1_134' title='bbox 182 1277 218 1327; x_wconf 89' lang='lat'><strong>§.</strong></span> <span class='ocrx_word' id='word_1_135' title='bbox 253 1281 319 1317; x_wconf 89' lang='grc'><strong>11.</strong></span> <span class='ocrx_word' id='word_1_136' title='bbox 379 1277 596 1317; x_wconf 65' lang='lat' dir='ltr'><strong>adver-sior.</strong></span> <span class='ocrx_word' id='word_1_137' title='bbox 655 1276 722 1318; x_wconf 85' lang='lat' dir='ltr'><strong>Sic</strong></span> <span class='ocrx_word' id='word_1_138' title='bbox 745 1293 836 1317; x_wconf 85' lang='lat' dir='ltr'><strong>cum</strong></span> <span class='ocrx_word' id='word_1_139' title='bbox 859 1276 1008 1334; x_wconf 61' lang='lat' dir='ltr'><strong>(lamp.¹</strong></span> <span class='ocrx_word' id='word_1_140' title='bbox 1059 1277 1273 1318; x_wconf 77' lang='lat' dir='ltr'><strong>Pottierius</strong></span> <span class='ocrx_word' id='word_1_141' title='bbox 1298 1278 1419 1316; x_wconf 79' lang='lat' dir='ltr'><strong>tradit</strong></span> <span class='ocrx_word' id='word_1_142' title='bbox 1447 1291 1522 1316; x_wconf 81' lang='lat' dir='ltr'>ex·-</span> 
     </span>
     <span class='ocr_line' id='line_1_17' title="bbox 66 1343 1521 1399; baseline 0.001 -17"><span class='ocrx_word' id='word_1_143' title='bbox 66 1343 204 1382; x_wconf 80' lang='lat' dir='ltr'>hibere</span> <span class='ocrx_word' id='word_1_144' title='bbox 230 1343 354 1384; x_wconf 77' lang='lat' dir='ltr'><strong>Paris.</strong></span> <span class='ocrx_word' id='word_1_145' title='bbox 391 1350 428 1384; x_wconf 87' lang='lat'><strong>1.</strong></span> <span class='ocrx_word' id='word_1_146' title='bbox 486 1344 522 1383; x_wconf 86' lang='lat' dir='ltr'>E</span> <span class='ocrx_word' id='word_1_147' title='bbox 553 1344 661 1385; x_wconf 81' lang='lat' dir='ltr'><strong>Flor.</strong></span> <span class='ocrx_word' id='word_1_148' title='bbox 692 1354 732 1386; x_wconf 79' lang='lat' dir='ltr'><strong>et</strong></span> <span class='ocrx_word' id='word_1_149' title='bbox 758 1345 885 1386; x_wconf 74' lang='lat' dir='ltr'><strong>Amb.</strong></span> <span class='ocrx_word' id='word_1_150' title='bbox 908 1351 946 1386; x_wconf 91' lang='grc'><strong>1.</strong></span> <span class='ocrx_word' id='word_1_151' title='bbox 978 1346 1083 1384; x_wconf 81' lang='lat' dir='ltr'>nihil</span> <span class='ocrx_word' id='word_1_152' title='bbox 1119 1354 1347 1396; x_wconf 80' lang='lat' dir='ltr'>enotatum,</span> <span class='ocrx_word' id='word_1_153' title='bbox 1387 1349 1521 1399; x_wconf 79' lang='lat' dir='ltr'>itaque</span> 
     </span>
     <span class='ocr_line' id='line_1_18' title="bbox 63 1412 1418 1465; baseline 0.001 -15"><span class='ocrx_word' id='word_1_154' title='bbox 63 1419 169 1451; x_wconf 78' lang='lat' dir='ltr'><strong>stant</strong></span> <span class='ocrx_word' id='word_1_155' title='bbox 193 1426 265 1465; x_wconf 91' lang='lat' dir='ltr'><strong>pro</strong></span> <span class='ocrx_word' id='word_1_156' title='bbox 287 1414 449 1464; x_wconf 75' lang='lat' dir='ltr'>vulgata</span> <span class='ocrx_word' id='word_1_157' title='bbox 469 1415 657 1451; x_wconf 77' lang='lat' dir='ltr'><em>aversior.</em></span> <span class='ocrx_word' id='word_1_158' title='bbox 775 1428 879 1451; x_wconf 76' lang='lat' dir='ltr'><strong>vona</strong></span> <span class='ocrx_word' id='word_1_159' title='bbox 906 1430 999 1453; x_wconf 76' lang='lat' dir='ltr'><strong>ess-c.</strong></span> <span class='ocrx_word' id='word_1_160' title='bbox 1019 1415 1021 1417; x_wconf 71' lang='grc'><strong>’</strong></span> <span class='ocrx_word' id='word_1_161' title='bbox 1059 1412 1094 1453; x_wconf 89' lang='lat' dir='ltr'>F</span> <span class='ocrx_word' id='word_1_162' title='bbox 1095 1416 1166 1452; x_wconf 86' lang='lat' dir='ltr'><strong>lor.</strong></span> <span class='ocrx_word' id='word_1_163' title='bbox 1197 1429 1278 1452; x_wconf 78' lang='lat' dir='ltr'><strong>esse</strong></span> <span class='ocrx_word' id='word_1_164' title='bbox 1301 1428 1418 1452; x_wconf 73' lang='lat' dir='ltr'><strong>vana.</strong></span> 
     </span>
    </p>
   </div>
   <div class='ocr_carea' id='block_1_8' title="bbox 63 1489 1518 1612">
    <p class='ocr_par' dir='ltr' id='par_1_8' title="bbox 63 1489 1518 1612">
     <span class='ocr_line' id='line_1_19' title="bbox 179 1489 1518 1545; baseline 0 -15"><span class='ocrx_word' id='word_1_165' title='bbox 179 1491 216 1541; x_wconf 86' lang='lat'><strong>§.</strong></span> <span class='ocrx_word' id='word_1_166' title='bbox 251 1495 315 1531; x_wconf 82' lang='grc'><strong>12.</strong></span> <span class='ocrx_word' id='word_1_167' title='bbox 373 1489 583 1545; x_wconf 73' lang='lat' dir='ltr'><strong>purganda</strong></span> <span class='ocrx_word' id='word_1_168' title='bbox 611 1493 730 1530; x_wconf 78' lang='lat' dir='ltr'>etiam</span> <span class='ocrx_word' id='word_1_169' title='bbox 753 1493 797 1529; x_wconf 88' lang='lat' dir='ltr'><strong>in</strong></span> <span class='ocrx_word' id='word_1_170' title='bbox 815 1490 922 1531; x_wconf 86' lang='lat' dir='ltr'><strong>Flor.</strong></span> <span class='ocrx_word' id='word_1_171' title='bbox 953 1507 1005 1530; x_wconf 85' lang='lat' dir='ltr'><strong>ex</strong></span> <span class='ocrx_word' id='word_1_172' title='bbox 1025 1494 1294 1541; x_wconf 81' lang='lat' dir='ltr'><strong>correctione,</strong></span> <span class='ocrx_word' id='word_1_173' title='bbox 1337 1506 1382 1530; x_wconf 79' lang='lat' dir='ltr'><strong>ac</strong></span> <span class='ocrx_word' id='word_1_174' title='bbox 1405 1490 1518 1531; x_wconf 87' lang='lat' dir='ltr'>vide-</span> 
     </span>
     <span class='ocr_line' id='line_1_20' title="bbox 63 1556 1124 1612; baseline 0.003 -16"><span class='ocrx_word' id='word_1_175' title='bbox 63 1565 127 1597; x_wconf 80' lang='lat' dir='ltr'><strong>tur</strong></span> <span class='ocrx_word' id='word_1_176' title='bbox 150 1560 194 1596; x_wconf 84' lang='lat' dir='ltr'><strong>in</strong></span> <span class='ocrx_word' id='word_1_177' title='bbox 222 1556 348 1608; x_wconf 81' lang='lat' dir='ltr'><strong>Amb.</strong></span> <span class='ocrx_word' id='word_1_178' title='bbox 372 1563 408 1598; x_wconf 90' lang='lat'><strong>1.</strong></span> <span class='ocrx_word' id='word_1_179' title='bbox 430 1560 574 1609; x_wconf 77' lang='lat' dir='ltr'><strong>fuisse,</strong></span> <span class='ocrx_word' id='word_1_180' title='bbox 615 1574 666 1597; x_wconf 87' lang='lat' dir='ltr'><strong>ex</strong></span> <span class='ocrx_word' id='word_1_181' title='bbox 697 1573 777 1612; x_wconf 88' lang='lat' dir='ltr'><strong>quo</strong></span> <span class='ocrx_word' id='word_1_182' title='bbox 796 1558 902 1597; x_wconf 85' lang='lat' dir='ltr'>nihil</span> <span class='ocrx_word' id='word_1_183' title='bbox 926 1568 1124 1599; x_wconf 80' lang='lat' dir='ltr'><strong>enotatur.</strong></span> 
     </span>
    </p>
   </div>
   <div class='ocr_carea' id='block_1_9' title="bbox 58 1636 1518 1947">
    <p class='ocr_par' dir='ltr' id='par_1_9' title="bbox 58 1636 1518 1827">
     <span class='ocr_line' id='line_1_21' title="bbox 175 1636 1517 1689; baseline 0.001 -12"><span class='ocrx_word' id='word_1_184' title='bbox 175 1638 211 1689; x_wconf 61' lang='grc' dir='ltr'><strong>ξ.</strong></span> <span class='ocrx_word' id='word_1_185' title='bbox 244 1642 309 1677; x_wconf 81' lang='lat'><strong>12.</strong></span> <span class='ocrx_word' id='word_1_186' title='bbox 369 1649 423 1675; x_wconf 75' lang='lat' dir='ltr'><strong>cst</strong></span> <span class='ocrx_word' id='word_1_187' title='bbox 454 1654 579 1675; x_wconf 78' lang='lat' dir='ltr'><strong>unum.</strong></span> <span class='ocrx_word' id='word_1_188' title='bbox 641 1636 851 1677; x_wconf 76' lang='lat' dir='ltr'>Omittunt</span> <span class='ocrx_word' id='word_1_189' title='bbox 881 1653 934 1676; x_wconf 85' lang='lat' dir='ltr'><strong>an</strong></span> <span class='ocrx_word' id='word_1_190' title='bbox 965 1641 1086 1677; x_wconf 74' lang='lat' dir='ltr'>etiam</span> <span class='ocrx_word' id='word_1_191' title='bbox 1117 1637 1226 1679; x_wconf 88' lang='lat' dir='ltr'><strong>Flor.</strong></span> <span class='ocrx_word' id='word_1_192' title='bbox 1260 1648 1297 1679; x_wconf 83' lang='lat' dir='ltr'><strong>et</strong></span> <span class='ocrx_word' id='word_1_193' title='bbox 1323 1639 1450 1678; x_wconf 79' lang='lat' dir='ltr'><strong>Amb.</strong></span> <span class='ocrx_word' id='word_1_194' title='bbox 1479 1643 1517 1679; x_wconf 89' lang='lat'><strong>1.</strong></span> 
     </span>
     <span class='ocr_line' id='line_1_22' title="bbox 58 1701 1518 1759; baseline 0.003 -17"><span class='ocrx_word' id='word_1_195' title='bbox 58 1701 191 1743; x_wconf 82' lang='lat' dir='ltr'>Iidem</span> <span class='ocrx_word' id='word_1_196' title='bbox 222 1713 310 1757; x_wconf 89' lang='lat' dir='ltr'><strong>post</strong></span> <span class='ocrx_word' id='word_1_197' title='bbox 340 1706 419 1743; x_wconf 71' lang='lat' dir='ltr'><strong>iam</strong></span> <span class='ocrx_word' id='word_1_198' title='bbox 448 1720 518 1757; x_wconf 88' lang='lat' dir='ltr'><strong>pro</strong></span> <span class='ocrx_word' id='word_1_199' title='bbox 549 1720 620 1755; x_wconf 81' lang='lat' dir='ltr'><strong>an,</strong></span> <span class='ocrx_word' id='word_1_200' title='bbox 659 1707 742 1743; x_wconf 72' lang='lat' dir='ltr'><strong>iure</strong></span> <span class='ocrx_word' id='word_1_201' title='bbox 772 1703 926 1757; x_wconf 84' lang='lat' dir='ltr'><strong>(Amb.</strong></span> <span class='ocrx_word' id='word_1_202' title='bbox 960 1710 997 1744; x_wconf 81' lang='lat'><strong>1.</strong></span> <span class='ocrx_word' id='word_1_203' title='bbox 1034 1706 1200 1759; x_wconf 88' lang='lat' dir='ltr'>quidem</span> <span class='ocrx_word' id='word_1_204' title='bbox 1228 1721 1251 1745; x_wconf 84' lang='lat' dir='ltr'>a</span> <span class='ocrx_word' id='word_1_205' title='bbox 1278 1722 1356 1746; x_wconf 82' lang='lat' dir='ltr'><strong>sec.</strong></span> <span class='ocrx_word' id='word_1_206' title='bbox 1393 1708 1518 1745; x_wconf 79' lang='lat' dir='ltr'>manu</span> 
     </span>
     <span class='ocr_line' id='line_1_23' title="bbox 60 1770 1513 1827; baseline 0.001 -15"><span class='ocrx_word' id='word_1_207' title='bbox 60 1787 178 1825; x_wconf 86' lang='lat' dir='ltr'><strong>super</strong></span> <span class='ocrx_word' id='word_1_208' title='bbox 198 1770 385 1824; x_wconf 71' lang='lat' dir='ltr'><strong>versum)</strong></span> <span class='ocrx_word' id='word_1_209' title='bbox 415 1778 493 1825; x_wconf 68' lang='lat' dir='ltr'><strong>pro*</strong></span> <span class='ocrx_word' id='word_1_210' title='bbox 515 1774 556 1810; x_wconf 80' lang='lat' dir='ltr'><strong>in</strong></span> <span class='ocrx_word' id='word_1_211' title='bbox 586 1789 647 1823; x_wconf 84' lang='lat' dir='ltr'><strong>re,</strong></span> <span class='ocrx_word' id='word_1_212' title='bbox 689 1773 864 1826; x_wconf 84' lang='lat' dir='ltr'>denique</span> <span class='ocrx_word' id='word_1_213' title='bbox 893 1776 932 1810; x_wconf 77' lang='lat' dir='ltr'><strong>si</strong></span> <span class='ocrx_word' id='word_1_214' title='bbox 961 1776 1108 1826; x_wconf 71' lang='lat' dir='ltr'><strong>scripto</strong></span> <span class='ocrx_word' id='word_1_215' title='bbox 1140 1789 1210 1826; x_wconf 88' lang='lat' dir='ltr'><strong>pro</strong></span> <span class='ocrx_word' id='word_1_216' title='bbox 1238 1775 1275 1812; x_wconf 81' lang='lat' dir='ltr'><strong>si</strong></span> <span class='ocrx_word' id='word_1_217' title='bbox 1296 1777 1332 1813; x_wconf 76' lang='lat' dir='ltr'><strong>in</strong></span> <span class='ocrx_word' id='word_1_218' title='bbox 1353 1776 1513 1827; x_wconf 77' lang='lat' dir='ltr'><strong>scripto.</strong></span> 
     </span>
    </p>

    <p class='ocr_par' dir='ltr' id='par_1_10' title="bbox 61 1838 1514 1947">
     <span class='ocr_line' id='line_1_24' title="bbox 146 1838 1514 1882; baseline 0.003 -6"><span class='ocrx_word' id='word_1_219' title='bbox 146 1855 197 1877; x_wconf 87' lang='grc' dir='ltr'><strong>αη</strong></span> <span class='ocrx_word' id='word_1_220' title='bbox 228 1838 275 1877; x_wconf 74' lang='lat' dir='ltr'><strong>de</strong></span> <span class='ocrx_word' id='word_1_221' title='bbox 310 1839 455 1880; x_wconf 82' lang='lat' dir='ltr'><strong>volunt.</strong></span> <span class='ocrx_word' id='word_1_222' title='bbox 522 1839 630 1879; x_wconf 86' lang='lat' dir='ltr'><strong>Flor.</strong></span> <span class='ocrx_word' id='word_1_223' title='bbox 673 1856 722 1879; x_wconf 81' lang='lat' dir='ltr'><strong>ac</strong></span> <span class='ocrx_word' id='word_1_224' title='bbox 760 1840 807 1878; x_wconf 74' lang='lat' dir='ltr'><strong>de</strong></span> <span class='ocrx_word' id='word_1_225' title='bbox 835 1839 913 1879; x_wconf 81' lang='grc' dir='ltr'><strong>υοῖ.</strong></span> <span class='ocrx_word' id='word_1_226' title='bbox 986 1839 1053 1880; x_wconf 82' lang='lat' dir='ltr'><strong>Ex</strong></span> <span class='ocrx_word' id='word_1_227' title='bbox 1082 1840 1207 1881; x_wconf 81' lang='lat' dir='ltr'><strong>Amb.</strong></span> <span class='ocrx_word' id='word_1_228' title='bbox 1229 1847 1281 1882; x_wconf 76' lang='grc'><strong>’1.</strong></span> <span class='ocrx_word' id='word_1_229' title='bbox 1320 1842 1427 1880; x_wconf 81' lang='lat' dir='ltr'>nihil</span> <span class='ocrx_word' id='word_1_230' title='bbox 1464 1842 1514 1880; x_wconf 77' lang='lat' dir='ltr'><strong>ab</strong></span> 
     </span>
     <span class='ocr_line' id='line_1_25' title="bbox 61 1905 1053 1947; baseline 0 0"><span class='ocrx_word' id='word_1_231' title='bbox 61 1905 258 1947; x_wconf 85' lang='lat' dir='ltr'><strong>Obrecht.</strong></span> <span class='ocrx_word' id='word_1_232' title='bbox 280 1909 453 1946; x_wconf 81' lang='lat' dir='ltr'><strong>lectione</strong></span> <span class='ocrx_word' id='word_1_233' title='bbox 473 1907 675 1946; x_wconf 81' lang='lat' dir='ltr'><strong>diversum</strong></span> <span class='ocrx_word' id='word_1_234' title='bbox 694 1916 870 1947; x_wconf 78' lang='lat' dir='ltr'><strong>notatur.</strong></span> <span class='ocrx_word' id='word_1_235' title='bbox 1051 1923 1053 1925; x_wconf 89' lang='lat'>·</span> 
     </span>
    </p>
   </div>
   <div class='ocr_carea' id='block_1_10' title="bbox 47 1984 1512 2242">
    <p class='ocr_par' dir='ltr' id='par_1_11' title="bbox 47 1984 1512 2242">
     <span class='ocr_line' id='line_1_26' title="bbox 173 1984 1512 2041; baseline 0.001 -17"><span class='ocrx_word' id='word_1_236' title='bbox 173 1985 211 2035; x_wconf 91' lang='lat'><strong>§.</strong></span> <span class='ocrx_word' id='word_1_237' title='bbox 244 1985 311 2025; x_wconf 82' lang='grc'><strong>14.</strong></span> <span class='ocrx_word' id='word_1_238' title='bbox 377 1984 430 2023; x_wconf 82' lang='lat' dir='ltr'><strong>Ut</strong></span> <span class='ocrx_word' id='word_1_239' title='bbox 464 1984 594 2025; x_wconf 79' lang='lat' dir='ltr'><strong>Pater.</strong></span> <span class='ocrx_word' id='word_1_240' title='bbox 662 1984 770 2026; x_wconf 82' lang='lat' dir='ltr'><strong>Flor.</strong></span> <span class='ocrx_word' id='word_1_241' title='bbox 811 1996 852 2024; x_wconf 80' lang='lat' dir='ltr'><strong>ut</strong></span> <span class='ocrx_word' id='word_1_242' title='bbox 883 1996 1040 2038; x_wconf 76' lang='lat' dir='ltr'><strong>putam,</strong></span> <span class='ocrx_word' id='word_1_243' title='bbox 1093 1985 1219 2027; x_wconf 80' lang='lat' dir='ltr'><strong>Aan.</strong></span> <span class='ocrx_word' id='word_1_244' title='bbox 1255 1993 1291 2027; x_wconf 89' lang='grc'><strong>1.</strong></span> <span class='ocrx_word' id='word_1_245' title='bbox 1330 1997 1371 2026; x_wconf 79' lang='lat' dir='ltr'><strong>ut</strong></span> <span class='ocrx_word' id='word_1_246' title='bbox 1399 1997 1512 2041; x_wconf 72' lang='lat' dir='ltr'><strong>puta,</strong></span> 
     </span>
     <span class='ocr_line' id='line_1_27' title="bbox 59 2052 1512 2108; baseline 0.002 -17"><span class='ocrx_word' id='word_1_247' title='bbox 59 2052 171 2108; x_wconf 89' lang='lat' dir='ltr'><strong>quod</strong></span> <span class='ocrx_word' id='word_1_248' title='bbox 195 2067 337 2092; x_wconf 82' lang='lat' dir='ltr'><strong>verum</strong></span> <span class='ocrx_word' id='word_1_249' title='bbox 363 2053 522 2092; x_wconf 79' lang='lat' dir='ltr'><strong>videtur</strong></span> <span class='ocrx_word' id='word_1_250' title='bbox 546 2055 640 2107; x_wconf 69' lang='lat' dir='ltr'>qnia</span> <span class='ocrx_word' id='word_1_251' title='bbox 667 2055 796 2106; x_wconf 66' lang='lat' dir='ltr'><strong>patr-123</strong></span> <span class='ocrx_word' id='word_1_252' title='bbox 814 2055 925 2092; x_wconf 88' lang='lat' dir='ltr'><strong>notio</strong></span> <span class='ocrx_word' id='word_1_253' title='bbox 947 2055 1064 2092; x_wconf 81' lang='lat' dir='ltr'><strong>facile</strong></span> <span class='ocrx_word' id='word_1_254' title='bbox 1082 2056 1300 2107; x_wconf 80' lang='lat' dir='ltr'><strong>suppletur.</strong></span> <span class='ocrx_word' id='word_1_255' title='bbox 1413 2069 1512 2108; x_wconf 86' lang='lat' dir='ltr'><strong>pro-</strong></span> 
     </span>
     <span class='ocr_line' id='line_1_28' title="bbox 55 2118 1512 2176; baseline 0.002 -18"><span class='ocrx_word' id='word_1_256' title='bbox 55 2123 223 2174; x_wconf 80' lang='lat' dir='ltr'><strong>pinquae</strong></span> <span class='ocrx_word' id='word_1_257' title='bbox 242 2122 362 2160; x_wconf 86' lang='lat' dir='ltr'>etiam</span> <span class='ocrx_word' id='word_1_258' title='bbox 377 2118 502 2159; x_wconf 85' lang='lat' dir='ltr'><strong>Amb.</strong></span> <span class='ocrx_word' id='word_1_259' title='bbox 529 2125 565 2159; x_wconf 87' lang='grc'><strong>1.</strong></span> <span class='ocrx_word' id='word_1_260' title='bbox 580 2151 591 2171; x_wconf 83' lang='grc'>,</span> <span class='ocrx_word' id='word_1_261' title='bbox 623 2119 726 2159; x_wconf 90' lang='lat' dir='ltr'><strong>Flor.</strong></span> <span class='ocrx_word' id='word_1_262' title='bbox 746 2123 898 2160; x_wconf 86' lang='lat' dir='ltr'><strong>siletur.</strong></span> <span class='ocrx_word' id='word_1_263' title='bbox 947 2119 1073 2160; x_wconf 82' lang='lat' dir='ltr'><strong>Paris.</strong></span> <span class='ocrx_word' id='word_1_264' title='bbox 1098 2126 1135 2161; x_wconf 91' lang='lat'><strong>1.</strong></span> <span class='ocrx_word' id='word_1_265' title='bbox 1159 2127 1202 2162; x_wconf 71' lang='lat'><strong>2.</strong></span> <span class='ocrx_word' id='word_1_266' title='bbox 1221 2125 1396 2162; x_wconf 86' lang='lat' dir='ltr'>retinent</span> <span class='ocrx_word' id='word_1_267' title='bbox 1414 2137 1512 2176; x_wconf 87' lang='lat' dir='ltr'><strong>pro-</strong></span> 
     </span>
     <span class='ocr_line' id='line_1_29' title="bbox 47 2185 1249 2242; baseline 0.002 -15"><span class='ocrx_word' id='word_1_268' title='bbox 47 2189 204 2242; x_wconf 64' lang='lat' dir='ltr'><strong>pinqui.</strong></span> <span class='ocrx_word' id='word_1_269' title='bbox 319 2185 469 2227; x_wconf 67' lang='lat' dir='ltr'><strong>ducere.</strong></span> <span class='ocrx_word' id='word_1_270' title='bbox 517 2185 622 2226; x_wconf 81' lang='lat' dir='ltr'>Item</span> <span class='ocrx_word' id='word_1_271' title='bbox 641 2186 769 2227; x_wconf 84' lang='lat' dir='ltr'><strong>Amb.</strong></span> <span class='ocrx_word' id='word_1_272' title='bbox 792 2192 828 2227; x_wconf 83' lang='lat'><strong>1.</strong></span> <span class='ocrx_word' id='word_1_273' title='bbox 863 2196 902 2227; x_wconf 76' lang='lat' dir='ltr'><strong>et</strong></span> <span class='ocrx_word' id='word_1_274' title='bbox 921 2186 953 2226; x_wconf 89' lang='lat' dir='ltr'>F</span> <span class='ocrx_word' id='word_1_275' title='bbox 955 2190 1028 2228; x_wconf 89' lang='lat' dir='ltr'><strong>lor.</strong></span> <span class='ocrx_word' id='word_1_276' title='bbox 1051 2188 1249 2230; x_wconf 72' lang='lat' dir='ltr'><strong>deducere.</strong></span> 
     </span>
    </p>
   </div>
   <div class='ocr_carea' id='block_1_11' title="bbox 169 2264 1504 2399">
    <p class='ocr_par' dir='ltr' id='par_1_12' title="bbox 169 2264 1504 2399">
     <span class='ocr_line' id='line_1_30' title="bbox 171 2264 1496 2322; baseline 0.002 -16"><span class='ocrx_word' id='word_1_277' title='bbox 171 2267 207 2319; x_wconf 82' lang='lat'><strong>§.</strong></span> <span class='ocrx_word' id='word_1_278' title='bbox 241 2269 307 2307; x_wconf 88' lang='grc'><strong>15.</strong></span> <span class='ocrx_word' id='word_1_279' title='bbox 367 2268 477 2306; x_wconf 78' lang='lat' dir='ltr'><strong>circa</strong></span> <span class='ocrx_word' id='word_1_280' title='bbox 499 2282 608 2320; x_wconf 81' lang='lat' dir='ltr'><strong>quac.</strong></span> <span class='ocrx_word' id='word_1_281' title='bbox 657 2264 786 2306; x_wconf 82' lang='lat' dir='ltr'><strong>Amb.</strong></span> <span class='ocrx_word' id='word_1_282' title='bbox 812 2271 849 2306; x_wconf 84' lang='lat'><strong>1.</strong></span> <span class='ocrx_word' id='word_1_283' title='bbox 877 2267 987 2306; x_wconf 79' lang='lat' dir='ltr'><strong>circa</strong></span> <span class='ocrx_word' id='word_1_284' title='bbox 1007 2267 1124 2322; x_wconf 75' lang='lat' dir='ltr'><strong>quod.</strong></span> <span class='ocrx_word' id='word_1_285' title='bbox 1176 2268 1284 2310; x_wconf 88' lang='lat' dir='ltr'><strong>Flor.</strong></span> <span class='ocrx_word' id='word_1_286' title='bbox 1310 2271 1460 2309; x_wconf 84' lang='lat' dir='ltr'><strong>siletur.</strong></span> <span class='ocrx_word' id='word_1_287' title='bbox 1490 2303 1496 2305; x_wconf 28' lang='grc' dir='ltr'><strong><em>Δ</em></strong></span> 
     </span>
     <span class='ocr_line' id='line_1_31' title="bbox 169 2343 1504 2399; baseline 0.003 -16"><span class='ocrx_word' id='word_1_288' title='bbox 169 2349 206 2399; x_wconf 87' lang='lat'><strong>§.</strong></span> <span class='ocrx_word' id='word_1_289' title='bbox 240 2349 306 2388; x_wconf 83' lang='lat'><strong>16.</strong></span> <span class='ocrx_word' id='word_1_290' title='bbox 364 2344 638 2384; x_wconf 74' lang='lat' dir='ltr'><strong>ordinandum.</strong></span> <span class='ocrx_word' id='word_1_291' title='bbox 680 2343 803 2385; x_wconf 82' lang='lat' dir='ltr'><strong>Aan.</strong></span> <span class='ocrx_word' id='word_1_292' title='bbox 828 2349 866 2385; x_wconf 88' lang='lat'><strong>1.</strong></span> <span class='ocrx_word' id='word_1_293' title='bbox 887 2346 1181 2388; x_wconf 75' lang='lat' dir='ltr'><strong>aestimandum.</strong></span> <span class='ocrx_word' id='word_1_294' title='bbox 1295 2365 1372 2391; x_wconf 78' lang='lat' dir='ltr'><strong>non</strong></span> <span class='ocrx_word' id='word_1_295' title='bbox 1391 2347 1504 2387; x_wconf 76' lang='lat' dir='ltr'><strong>idem.</strong></span> 
     </span>
    </p>
   </div>
   <div class='ocr_carea' id='block_1_12' title="bbox 59 2411 1505 2536">
    <p class='ocr_par' dir='ltr' id='par_1_13' title="bbox 59 2411 1505 2536">
     <span class='ocr_line' id='line_1_32' title="bbox 59 2411 1505 2470; baseline 0.002 -19"><span class='ocrx_word' id='word_1_296' title='bbox 59 2412 181 2454; x_wconf 85' lang='lat' dir='ltr'><strong>Amb.</strong></span> <span class='ocrx_word' id='word_1_297' title='bbox 194 2418 232 2454; x_wconf 85' lang='lat'><strong>1.</strong></span> <span class='ocrx_word' id='word_1_298' title='bbox 253 2429 329 2453; x_wconf 88' lang='lat' dir='ltr'><strong>non</strong></span> <span class='ocrx_word' id='word_1_299' title='bbox 348 2411 499 2467; x_wconf 77' lang='lat' dir='ltr'><strong>quidem</strong></span> <span class='ocrx_word' id='word_1_300' title='bbox 519 2411 604 2465; x_wconf 83' lang='lat' dir='ltr'><strong>(sed</strong></span> <span class='ocrx_word' id='word_1_301' title='bbox 621 2415 729 2465; x_wconf 84' lang='lat' dir='ltr'><strong>prius</strong></span> <span class='ocrx_word' id='word_1_302' title='bbox 748 2415 911 2452; x_wconf 78' lang='lat' dir='ltr'><strong>fortasse</strong></span> <span class='ocrx_word' id='word_1_303' title='bbox 931 2412 1066 2468; x_wconf 75' lang='lat' dir='ltr'><strong>idem).</strong></span> <span class='ocrx_word' id='word_1_304' title='bbox 1163 2414 1352 2470; x_wconf 77' lang='lat' dir='ltr'><strong>quodque.</strong></span> <span class='ocrx_word' id='word_1_305' title='bbox 1378 2413 1505 2454; x_wconf 87' lang='lat' dir='ltr'><strong>Amb.</strong></span> 
     </span>
     <span class='ocr_line' id='line_1_33' title="bbox 63 2478 1504 2536; baseline 0.002 -17"><span class='ocrx_word' id='word_1_306' title='bbox 63 2485 80 2519; x_wconf 85' lang='lat'>1</span> <span class='ocrx_word' id='word_1_307' title='bbox 91 2509 101 2519; x_wconf 91' lang='lat'><strong>.</strong></span> <span class='ocrx_word' id='word_1_308' title='bbox 118 2489 157 2520; x_wconf 85' lang='lat' dir='ltr'><strong>et</strong></span> <span class='ocrx_word' id='word_1_309' title='bbox 171 2479 279 2521; x_wconf 84' lang='lat' dir='ltr'><strong>Flor.</strong></span> <span class='ocrx_word' id='word_1_310' title='bbox 290 2479 409 2535; x_wconf 74' lang='lat' dir='ltr'><strong>quod.</strong></span> <span class='ocrx_word' id='word_1_311' title='bbox 497 2481 670 2521; x_wconf 78' lang='lat' dir='ltr'><strong>concessi</strong></span> <span class='ocrx_word' id='word_1_312' title='bbox 688 2478 916 2533; x_wconf 71' lang='lat' dir='ltr'><strong>aliquando.</strong></span> <span class='ocrx_word' id='word_1_313' title='bbox 945 2480 1072 2522; x_wconf 85' lang='lat' dir='ltr'><strong>Amb.</strong></span> <span class='ocrx_word' id='word_1_314' title='bbox 1088 2488 1126 2523; x_wconf 91' lang='lat'><strong>1.</strong></span> <span class='ocrx_word' id='word_1_315' title='bbox 1142 2485 1362 2536; x_wconf 82' lang='lat' dir='ltr'><strong>interponit</strong></span> <span class='ocrx_word' id='word_1_316' title='bbox 1378 2498 1504 2536; x_wconf 84' lang='lat' dir='ltr'><strong>posse.</strong></span> 
     </span>
    </p>
   </div>
   <div class='ocr_carea' id='block_1_13' title="bbox 60 2559 1505 2665">
    <p class='ocr_par' dir='ltr' id='par_1_14' title="bbox 60 2559 1505 2665">
     <span class='ocr_line' id='line_1_34' title="bbox 175 2559 1505 2613; baseline 0.003 -15"><span class='ocrx_word' id='word_1_317' title='bbox 175 2559 212 2607; x_wconf 88' lang='lat'><strong>§.</strong></span> <span class='ocrx_word' id='word_1_318' title='bbox 255 2562 319 2599; x_wconf 89' lang='lat'><strong>17.</strong></span> <span class='ocrx_word' id='word_1_319' title='bbox 392 2575 538 2613; x_wconf 79' lang='lat' dir='ltr'><strong>semper</strong></span> <span class='ocrx_word' id='word_1_320' title='bbox 586 2575 767 2599; x_wconf 81' lang='lat' dir='ltr'><strong>crescere.</strong></span> <span class='ocrx_word' id='word_1_321' title='bbox 849 2575 1092 2612; x_wconf 76' lang='lat' dir='ltr'><strong>per-crescere</strong></span> <span class='ocrx_word' id='word_1_322' title='bbox 1142 2561 1263 2602; x_wconf 79' lang='lat' dir='ltr'><strong>Paris.</strong></span> <span class='ocrx_word' id='word_1_323' title='bbox 1307 2566 1345 2601; x_wconf 89' lang='lat'><strong>1.</strong></span> <span class='ocrx_word' id='word_1_324' title='bbox 1395 2560 1505 2602; x_wconf 74' lang='lat' dir='ltr'><strong>Flor·</strong></span> 
     </span>
     <span class='ocr_line' id='line_1_35' title="bbox 60 2622 1041 2665; baseline 0.006 -3"><span class='ocrx_word' id='word_1_325' title='bbox 60 2622 182 2664; x_wconf 83' lang='lat' dir='ltr'><strong>Amb.</strong></span> <span class='ocrx_word' id='word_1_326' title='bbox 206 2630 242 2665; x_wconf 82' lang='lat'><strong>1.</strong></span> <span class='ocrx_word' id='word_1_327' title='bbox 1038 2637 1041 2643; x_wconf 61' lang='lat'><em>¹</em></span> 
     </span>
    </p>
   </div>
  </div>
 </body>
</html>
