1757 2979
242 133 321 170 446
667 134 938 190 Supplcmenia
981 138 1243 176 annomtionis

355 246 389 295 ᾧ.
423 250 487 285 10.
549 246 634 287 Cat.
661 251 792 287 ctiam.
834 246 900 286 Sic
929 246 1016 286 Par.
1046 253 1081 287 1.
1113 254 1151 288 2.
1184 252 1221 288 6.

354 313 392 361 §.
430 318 494 353 11.
550 317 783 367 gravilatcm
804 337 859 344 --·
885 313 1021 353 Cassii.
1060 314 1127 355 Sic
1150 315 1238 356 Par.
1263 321 1299 357 1.
1324 323 1362 357 2.
1386 321 1423 357 6.

355 381 392 429 §.
427 386 491 420 13.
545 384 717 434 propior.
758 379 824 420 Sic
843 380 932 420 Par.
957 387 993 421 1.
1015 389 1053 422 2.
1075 387 1111 422 6.

353 448 389 496 §.
426 449 491 487 14.
553 446 867 500 [concupierant.
927 446 1122 489 Defendit
1157 451 1262 491 hanc
1295 454 1530 504 scripturam
1559 451 1678 492 Bmt-

243 529 412 552 mannus
444 518 484 552 in
517 516 637 566 praef.
670 514 766 554 Vol.
789 513 852 554 IV
880 530 920 568 p.
947 515 1097 569 XVL]
1185 517 1240 559 al.
1259 536 1414 572 parum.
1449 519 1540 561 Par.
1556 522 1677 561 inser.

243 593 286 619 cl.
334 581 423 620 Par.
445 588 483 620 2.
506 581 560 619 al.
582 592 615 619 ct
634 584 772 621 virum.
862 582 1088 625 studiosum.
1131 584 1199 625 Sic
1225 585 1315 626 Par.
1336 591 1373 626 1.

354 653 388 699 §·
425 653 487 687 15.
549 651 615 701 qui
632 651 732 702 quia.
774 648 841 689 Sic
860 648 949 689 Par.
976 656 1010 690 1.
1035 657 1073 691 2.
1099 657 1136 691 6.

353 718 387 763 ᾖ.
424 718 489 753 16.
546 715 705 755 Atticos
732 727 813 770 atq.
837 717 914 757 As.
951 718 1040 757 Par.
1065 724 1102 759 1.
1124 725 1166 760 2.
1188 725 1225 760 6.
1321 723 1361 758 in
1381 720 1453 760 his.
1498 719 1564 759 Sic
1588 717 1678 758 Par.

245 787 280 821 1.
307 787 344 821 2.
369 786 406 819 6.
493 786 836 834 perseveraverint.
881 783 948 824 Sic
968 786 1057 826 Par.
1081 793 1120 827 2.
1167 798 1454 841 perseverarent
1475 786 1564 827 Par'.
1588 791 1626 825 1.
1641 790 1678 824 6.

354 850 389 899 ξ.
426 853 489 888 17.
551 850 721 903 quidam.
765 850 833 890 Sic
850 850 940 891 Par.
965 858 1001 892 1.
1024 859 1064 893 2.
1112 854 1264 907 quidem
1283 854 1374 894 Par.
1399 859 1437 894 6.
1629 846 1631 848 .

355 916 391 965 §.
426 922 491 955 19.
552 917 723 970 quidam.
764 917 831 956 Sic
857 917 948 958 Par.
973 925 1008 959 1.
1028 925 1066 959 2.
1093 925 1130 960 6.

352 984 387 1033 ξ.
417 989 484 1023 21.
547 983 659 1035 [Hic
687 985 870 1033 Aliicus,
921 989 1101 1039 intellige
1140 1003 1262 1042 quem
1300 1002 1410 1027 nunc
1441 988 1680 1042 quaerimus,

240 1065 336 1088 nam
359 1050 422 1089 lzic
441 1049 694 1090 Adverbium
715 1055 947 1092 transeundi
977 1057 1199 1108 principem
1222 1056 1377 1095 videtur
1395 1057 1529 1093 locum
1547 1063 1683 1107 posiu—

240 1117 355 1169 lare.]
442 1121 690 1157 remilia-mur.
731 1118 798 1159 Sic
821 1119 909 1160 Par.
933 1122 967 1160 6.
1011 1125 1250 1160 remittentur
1268 1121 1358 1162 Par.
1383 1128 1420 1162 2.
1460 1123 1684 1159 reverlimur

240 1185 330 1225 Par.
361 1191 398 1225 1.
1667 1236 1671 1240 .

352 1255 387 1303 Q.
419 1257 486 1292 23.
546 1270 618 1293 non
644 1265 770 1294 cunct.
813 1253 880 1294 Sic
902 1254 990 1295 Par.
1014 1261 1054 1296 2.
1077 1260 1113 1295 6.
1166 1272 1288 1296 ηοηηε
1312 1255 1403 1296 Par.
1428 1261 1464 1294 1.
1551 1265 1682 1293 tacen-

242 1319 355 1359 tibus.
398 1318 465 1359 Sic
486 1319 577 1359 Par.
602 1325 640 1359 1.
664 1327 701 1360 2.
729 1326 767 1360 6.

352 1389 388 1439 ξ.
420 1389 487 1427 2-1.
550 1387 690 1439 [Nihil
724 1387 935 1429 l'ottierius
957 1389 1005 1428 de
1027 1390 1140 1430 codd.
1160 1389 1302 1430 Pariss.
1338 1389 1386 1427 ad
1416 1392 1550 1428 locum
1575 1390 1684 1426 simi-

242 1452 361 1492 lcmm·
381 1453 590 1494 credimus.
648 1454 887 1495 Verisimilis
914 1454 1153 1496 Buttmanni
1174 1460 1397 1508 conjectura
1416 1465 1498 1496 esta
1538 1470 1683 1509 quam-

241 1536 363 1574 quam
383 1531 499 1561 erunt
512 1553 523 1573 ‚
566 1524 637 1576 qui
658 1522 764 1560 nihil
781 1525 858 1562 nisi
868 1522 1003 1578 sitisse
1021 1525 1189 1574 adjicere
1209 1523 1378 1574 velint.]

355 1590 390 1639 ξ.
422 1594 489 1629 25.
552 1587 684 1642 [Ipsos
710 1588 925 1628 Menandri
952 1605 1109 1642 versus,
1162 1591 1213 1630 ad
1240 1605 1338 1646 quos
1358 1588 1503 1641 Quint.
1527 1589 1683 1639 assudst,

242 1656 331 1695 vide
353 1659 397 1693 in
418 1657 542 1708 praef.
565 1656 662 1696 Vol.
682 1654 746 1694 IV
764 1672 803 1708 p.
825 1655 979 1709 XVL]

353 1727 388 1775 ᾗ.
420 1728 488 1763 26.
547 1722 628 1762 Ita.
669 1721 736 1761 Sic
755 1722 844 1763 Par.
867 1728 905 1762 2.
955 1726 1084 1777 itaque
1105 1722 1194 1763 Par.
1224 1729 1261 1763 1.
1283 1728 1321 1763 6.

356 1792 392 1840 §.
421 1795 488 1830 27.
548 1789 753 1843 discipula.
801 1789 868 1829 Sic
888 1789 979 1829 Par.
1004 1795 1043 1830 2.
1096 1790 1306 1844 disciplina
1333 1789 1423 1830 Par.
1446 1795 1484 1830 1.
1573 1791 1681 1842 ipsi-s.

241 1857 309 1898 Sic
328 1857 419 1898 Par.
447 1863 484 1896 1.
506 1862 546 1897 2.
569 1861 606 1896 6.
696 1856 844 1896 clarior.
884 1856 952 1896 Sic
974 1856 1062 1896 Par.
1087 1861 1124 1896 1.
1147 1863 1186 1897 2.
1212 1862 1251 1897 6.

351 1929 387 1978 §·
421 1931 489 1965 28.
549 1923 748 1979 quiddam.
790 1924 858 1963 Sic
878 1923 969 1964 Par.
997 1929 1032 1963 1.
1054 1929 1093 1963 2.
1112 1928 1159 1963 6.·
1202 1954 1207 1959 .
1235 1924 1338 1980 qffic.
1361 1934 1408 1965 ct.
1449 1922 1516 1963 Sic
1535 1922 1624 1963 Par.
1644 1928 1680 1962 1.
1714 1959 1716 1961 ,

243 1997 279 2033 6.
294 2025 305 2044 ,
345 1994 413 2032 sed
431 1992 518 2032 Par.
541 1998 579 2032 2.
602 1994 721 2030 inser.
746 2007 894 2030 sonum.
981 2001 1014 2029 cl
1033 1989 1151 2029 velut.
1195 1990 1286 2030 Par.
1311 1997 1349 2031 1.
1371 1997 1410 2032 2.
1435 1996 1474 2030 6.
1501 1990 1570 2029 sed
1587 2006 1625 2030 υ.

355 2061 401 2109 §..
423 2064 492 2100 30.
551 2076 664 2114 equos
687 2059 763 2099 hac
782 2067 820 2097 et
841 2074 987 2112 equum.
1035 2056 1126 2097 Par.
1150 2062 1187 2097 6.
1210 2074 1269 2112 eq.
1294 2075 1342 2097 ac
1363 2069 1397 2097 ct
1412 2075 1476 2112 eq.
1527 2057 1680 2098 Pan-2.

243 2144 302 2182 eq.
322 2144 467 2181 aequae
486 2143 534 2166 ac
557 2144 639 2166 cur.

353 2196 389 2246 §.
421 2200 488 2235 32.
546 2210 684 2234 aversa
701 2210 775 2248 pro
800 2194 986 2232 abversis.
1029 2191 1096 2233 Sic
1116 2192 1205 2233 Par.
1230 2199 1269 2234 2.
1318 2192 1484 2232 adver-sa.
1498 2208 1572 2246 pro
1594 2192 1680 2231 alm.

242 2260 332 2301 Par.
357 2268 393 2302 1.
418 2268 454 2301 6.
543 2262 596 2301 Β.
637 2261 704 2302 Sic
723 2260 813 2300 Par.
839 2265 876 2300 1.
901 2266 940 2300 2.
1029 2259 1073 2298 S.
1112 2259 1203 2309 Par.
1230 2265 1265 2300 1.
1289 2267 1329 2302 2.
1354 2265 1390 2299 6.
1408 2260 1453 2299 F.

356 2331 390 2381 ᾗ.
422 2330 488 2369 34.
549 2330 766 2369 circumire.
809 2326 875 2366 SIC
898 2326 988 2367 Par.
1016 2331 1053 2366 6.
1105 2329 1270 2366 circuire
1289 2328 1378 2368 Par.
1403 2332 1438 2366 1.
1466 2333 1504 2367 2.

355 2400 390 2447 §·
423 2401 489 2437 35.
549 2395 769 2451 eloquendo.
811 2394 901 2434 Par.
926 2399 963 2434 1.
985 2400 1026 2435 2.
1049 2399 1088 2434 6.
1109 2394 1312 2448 loquendo.

353 2468 390 2516 ξ.
427 2469 493 2503 36.
555 2465 796 2518 Proprietas.
847 2460 914 2501 Sic
935 2460 1025 2501 Par.
1051 2467 1090 2501 2.
1147 2464 1398 2516 proprietatis
1417 2460 1506 2501 Par.
1530 2466 1568 2500 1.

246 2532 399 2569 certior.
449 2529 540 2572 Par.
563 2538 604 2572 2.
627 2533 800 2570 certiore.

356 2598 390 2648 ξ.
423 2602 490 2637 37.
549 2614 784 2637 moveamur.
824 2594 892 2636 Sic
910 2595 997 2635 Par.
1019 2600 1059 2636 2.
1113 2610 1307 2633 movemur
1332 2593 1421 2633 Par.
1451 2600 1489 2634 1.
1513 2599 1554 2632 6.
