1721 2974
39 296 47 396 ξ

38 542 43 616 z

36 635 44 743 ἶ

35 745 41 830 i

163 173 217 213 cul
241 173 373 226 Quini.
396 172 494 212 Just.
516 170 574 223 II,
600 172 938 224 1o.§.11--15.
973 173 1037 208 11.
1062 168 1096 220 §.
1122 171 1244 208 l-7.
1289 172 1355 209 12.
1377 169 1414 219 §.
1436 175 1473 210 2.
1535 175 1585 211 91

247 290 284 342 ξ.
316 293 355 329 2.
416 284 560 340 neglig.
592 301 698 325 meae.
758 299 850 323 suae
887 296 968 323 om.
998 279 1124 321 Amb.
1158 286 1199 322 2.
1261 279 1591 335 [Parmularium

135 371 231 395 eum
252 372 334 396 esse
347 388 359 408 ,
399 357 470 409 qui
491 355 623 393 faveat
641 355 685 392 in
703 352 860 392 theatro
881 360 1001 406 atque
1030 364 1150 389 arena
1170 349 1456 402 gladiatoribus
1471 382 1482 401 ‚
1519 354 1592 406 qui

135 426 185 463 ab
217 432 418 464 armatura
444 420 623 461 Thraces
647 421 875 461 dicerentur
891 452 902 471 ,
941 434 963 459 a
982 421 1075 459 viris
1097 418 1222 458 doctis
1242 417 1294 457 ad
1311 415 1480 458 sueton.
1501 418 1593 459 Do-

133 494 222 531 mit.
244 507 279 532 c.
302 496 354 531 10
376 491 648 531 observatum.
701 485 902 538 Gesner.]

246 559 285 610 §.
318 562 357 598 3.
417 556 548 610 Igitur
581 558 738 610 impetu.
799 567 834 595 et
861 559 980 595 inser.
1007 553 1116 595 Jens.
1150 561 1190 594 et
1220 561 1322 607 post.
1352 562 1446 594 ante
1478 553 1592 598 Sich.

219 642 339 680 neque
369 626 485 665 enim.
541 621 603 662 lta
630 623 767 663 Turic-
809 622 936 664 Amb.
973 626 1011 663 1.
1053 621 1196 676 Camp.
1321 621 1433 661 rebus
1457 624 1593 678 fictis.

128 694 217 748 fici.
252 692 330 732 reb.
361 691 469 732 Flor.
501 688 625 731 Goth.

248 761 285 813 §.
317 761 358 800 4.
419 768 647 813 expectant.
705 755 768 798 Ita
790 760 913 798 etiam
933 756 1039 799 Flor.
1060 756 1187 799 Amb.
1213 763 1253 800 2.
1281 756 1407 799 Paris.
1435 762 1472 799 1.
1492 764 1532 799 2.
1555 763 1595 799 3.

135 827 278 883 Camp.
299 830 392 868 fort.
414 825 541 866 Amb.
564 831 602 866 1.
693 827 885 866 instincti.
927 828 1112 866 instructi
1131 824 1273 880 Camp.
1336 824 1436 880 [Ad
1454 835 1596 883 notam

134 904 291 950 exeget.
313 894 543 950 Spaldingli
565 895 616 934 cf.
638 895 762 948 praef.
786 892 884 934 Vol.
906 890 926 933 I
947 909 985 947 p.
1008 891 1288 946 LXXXIII]

245 966 282 1017 §.
315 968 354 1006 5.
413 960 620 1003 modulati.
690 960 870 1001 meditati
906 965 1029 1002 eiiam
1065 960 1192 1002 Paris.
1228 966 1265 1002 1.
1299 967 1339 1003 2.
1371 966 1411 1003 3.
1453 960 1595 1017 Cmnp.

135 1034 226 1072 fort.
258 1032 369 1073 Flor.
400 1030 528 1072 Amb.
556 1035 593 1069 1.
714 1029 980 1071 connectendi.
1040 1029 1286 1083 conjectandi
1315 1028 1453 1070 Tusic.
1476 1045 1499 1070 a
1519 1046 1596 1071 sec.

134 1115 194 1142 m.
225 1100 359 1154 (prius
379 1101 458 1138 fuit
480 1096 742 1151 conjectencli)
772 1095 916 1151 Camp.
1031 1113 1080 1137 ac
1101 1108 1208 1139 nota.
1258 1096 1326 1139 Sic
1351 1101 1475 1138 etiam
1490 1097 1597 1139 Flor-

139 1167 284 1221 Camp.
308 1166 424 1207 Alm.
448 1168 540 1208 fort.
563 1164 691 1205 Amb.
718 1170 753 1204 1.

251 1237 288 1288 ς.
324 1239 362 1274 6.
424 1249 566 1274 causas
585 1244 726 1273 tamen.
786 1230 1012 1286 Receptam
1041 1241 1208 1273 tuentur
1239 1232 1378 1275 Turic.
1405 1231 1534 1274 Amb.
1559 1238 1598 1275 1.

137 1309 179 1346 2.
210 1301 337 1344 Paris.
369 1306 404 1340 1·
437 1305 475 1342 3.
510 1300 661 1354 (Paris.
695 1306 734 1340 2.
767 1298 943 1355 temtum)
976 1309 1016 1341 et
1047 1302 1138 1342 edd.
1168 1310 1325 1355 praeter
1359 1310 1600 1341 memoratas

135 1369 260 1411 Tarv.
280 1369 391 1411 Ven.
511 1371 554 1407 in
583 1368 658 1408 his.
721 1369 761 1406 in
787 1369 837 1406 iis
869 1366 1006 1409 Turio.
1028 1367 1128 1408 Ald.
1154 1368 1289 1410 Colin.
1347 1370 1422 1421 iis,
1455 1384 1534 1410 om.
1559 1372 1602 1409 in

135 1437 246 1479 Jens.
271 1446 310 1478 et
330 1440 548 1493 pleraeque
569 1436 660 1476 edd.
683 1444 779 1477 vett.
842 1437 882 1474 in
903 1434 963 1475 his
984 1438 1082 1491 ipsis
1101 1435 1243 1492 Camp.
1355 1435 1600 1491 jaculantur.

132 1505 254 1562 jocul.
286 1505 395 1547 Flor.
424 1520 447 1545 a
478 1519 534 1546 m.
566 1519 627 1558 pr.
661 1501 798 1544 Guelf.

253 1576 287 1628 §.
314 1579 356 1615 7.
412 1583 452 1613 ut
485 1570 624 1613 dissol.
688 1587 743 1611 ex
775 1570 911 1612 dissoz.
944 1571 1083 1614 Turio.
1123 1587 1147 1612 a
1180 1587 1240 1628 pr.
1271 1586 1327 1612 m.
1367 1588 1463 1613 cum
1490 1571 1600 1614 Flor.

136 1645 250 1686 Ahn.
369 1651 571 1681 comment.
590 1657 699 1695 puer.
719 1642 783 1680 sit.
823 1644 879 1680 sit
894 1657 1004 1696 puer.
1028 1657 1166 1682 comm.
1185 1640 1326 1682 Turio.
1344 1640 1454 1682 Flor.
1475 1639 1601 1682 Goth.

138 1708 276 1752 Guelf.
320 1708 463 1763 Camp.
509 1707 619 1749 Jens.
662 1717 702 1748 et
736 1717 839 1762 post.
880 1718 973 1748 ante
1009 1707 1192 1765 Gryph.;
1252 1724 1334 1750 aco.
1369 1708 1473 1752 Obr.
1512 1711 1603 1750 fort.

137 1777 265 1819 Amb.
307 1783 345 1819 1.
476 1775 786 1817 declamantibus
833 1775 1011 1819 laudata.
1095 1778 1349 1819 laudantibus
1380 1776 1605 1818 declamata

139 1844 281 1901 Camp.
312 1844 444 1886 Andr.
563 1853 742 1899 reg-erunt
782 1844 888 1886 Pott.
930 1856 1099 1888 annotat
1133 1863 1215 1888 esse
1253 1849 1299 1887 iu
1329 1845 1455 1888 Paris.
1487 1850 1526 1888 1.
1560 1848 1600 1887 5.

140 1912 283 1968 Cmnp.
403 1912 582 1968 redigunt
601 1916 646 1953 in
668 1912 793 1954 PariS.
816 1919 856 1955 2.
872 1946 883 1966 ‚
916 1915 966 1955 de
988 1919 1128 1956 ceteris
1145 1925 1265 1957 tacet.

699 2036 731 2078 C
766 2052 793 2078 A
824 2053 863 2079 P.
922 2035 1042 2080 XII.

254 2118 292 2168 §.
325 2122 365 2158 2.
427 2119 467 2155 in
486 2132 672 2171 pugnam.
732 2119 774 2156 in
797 2119 935 2157 rixam
960 2119 1059 2158 dant
1080 2120 1203 2159 etlam
1235 2118 1317 2158 duo
1348 2131 1440 2157 mss.
1469 2115 1602 2158 Palat.

139 2185 248 2241 apud
282 2182 548 2226 Gebhardum
578 2182 784 2238 Crepund.
819 2183 940 2226 Bodl.
970 2185 1086 2227 Alm.
1120 2186 1244 2241 Baris.
1282 2190 1320 2227 1.
1350 2191 1390 2227 2.
1419 2189 1460 2225 3.
1491 2182 1601 2225 Flor.

138 2253 267 2296 Amb.
288 2258 328 2294 2.
355 2251 498 2306 Camp.
519 2253 611 2292 fort.
630 2250 757 2293 Amb.
781 2256 820 2293 1.
882 2252 1071 2306 [Rioeam
1100 2255 1180 2294 dici
1210 2255 1334 2294 etiam
1361 2253 1411 2292 de
1431 2260 1603 2291 conten-

143 2325 256 2363 tione
289 2336 392 2377 quae
423 2322 464 2361 vi
502 2328 541 2360 et
563 2322 682 2359 armis
711 2322 801 2370 fiat,
840 2318 981 2375 Spald.
1014 2324 1058 2361 in
1088 2331 1186 2362 nota
1215 2324 1352 2362 critica
1380 2321 1530 2371 docuit,
1561 2327 1601 2360 et

138 2393 240 2431 alios
283 2392 392 2430 locos
434 2397 617 2429 veterum
646 2390 885 2441 scriptorum
914 2393 1137 2445 exemplari
1163 2405 1235 2432 suo
1264 2389 1470 2443 adscripsit
1498 2386 1600 2428 hos:

140 2457 287 2499 senec.
316 2460 432 2512 epist.
460 2458 514 2499 74
544 2464 633 2511 post
658 2459 747 2497 init.
807 2455 938 2499 Nemo
968 2473 1137 2502 manum
1165 2460 1338 2500 conserit
1366 2471 1461 2497 eum
1488 2471 1602 2496 rece-

144 2525 289 2577 dente,
347 2540 467 2565 nemo
517 2533 739 2565 exeuntem
789 2527 908 2567 ferit:
965 2530 1071 2568 circa
1110 2529 1337 2582 praemium
1384 2527 1485 2565 rixa
1528 2532 1600 2564 est.

144 2591 314 2634 sueton.
343 2592 492 2635 Neron.
528 2609 563 2636 c.
597 2597 664 2635 26.
705 2596 749 2633 in
787 2596 982 2646 ejusmodi
1024 2598 1129 2636 vixis
1168 2597 1378 2636 oculorum
1420 2608 1465 2633 ac
1494 2594 1602 2641 vitae

145 2663 369 2715 periculum
401 2663 510 2702 adiit.
569 2660 720 2702 Ascon.
742 2666 786 2702 iu
807 2678 959 2717 argum.
980 2663 1123 2705 Milon.
1145 2679 1184 2718 p.
1211 2667 1289 2705 527
1320 2661 1488 2704 Schiitz.
1508 2674 1602 2701 cum
