1721 2974
390 136 445 177 acl
481 134 646 190 Quintil.
675 135 805 175 Instit.
840 133 895 186 V,
929 139 965 175 7.
1002 135 1034 186 §.
1057 139 1237 175 *3—-16,
1458 141 1541 177 239

82 249 227 292 altera.
339 267 439 306 pars
473 261 653 306 utraque.
719 249 830 291 Jens.
874 257 915 289 et
952 248 1044 290 edd,
1084 264 1201 288 meae
1237 263 1376 289 omnes
1386 280 1402 300 ,
1442 253 1542 291 'exc.

83 318 185 360 Obr.
303 335 538 375 separemus,
596 318 707 359 Flor.
735 333 1019 373 separaremus.
1078 314 1204 357 Goth.
1227 334 1455 371 sepercmus.

196 387 234 440 §.
268 392 334 427 10.
393 386 540 426 volunt.
566 386 771 441 producit.
826 385 963 426 Etiam
990 383 1117 425 Amb.
1141 390 1179 426 1.
1212 400 1236 424 a
1263 401 1342 425 sec.
1364 400 1420 425 m.
1449 401 1543 425 cum

80 454 191 497 Flor.
221 458 342 496 inser.
377 472 475 505 cum,
505 469 526 493 a
548 471 626 495 seo.
650 470 706 495 m.
732 471 828 493 eum.
945 452 1041 493 dict.
1065 455 1129 491 sit.
1191 452 1295 494 Ald.
1320 451 1360 492 d.
1384 464 1454 493 est.

81 523 256 578 ideoque.
304 522 443 563 Turio.
465 521 540 562 isle.
592 520 733 575 Camp.
751 521 851 562 idco.
966 520 1336 576 providendumque.
1400 519 1539 563 Guelf.

78 590 376 645 providendum.
438 588 559 631 Voss.
596 596 632 632 1.
659 589 980 645 providendique.
1099 592 1207 629 testis
1234 591 1300 629 sit.
1357 587 1467 629 Jens.
1500 597 1541 628 et

80 660 172 699 edd.
201 667 293 698 ante
314 657 442 700 Stoer.
465 675 496 698 s.
519 669 548 699 t.

190 729 229 780 ᾧ.
253 732 320 767 11.
368 727 589 766 turbantur.
636 722 776 765 Guelf.
798 723 939 778 Camp.
963 725 1157 766 turbatur.
1243 726 1356 766 enim.
1396 723 1541 779 Camp-

78 813 135 835 οη.
249 794 472 835 induuntur.
529 792 669 833 Etiam
696 792 824 833 Amb.
853 797 889 834 1.
914 799 953 833 2.
979 792 1089 834 Flor.
1122 793 1213 834 Par.
1239 797 1276 833 1.
1295 799 1334 834 2.
1356 799 1394 834 3.
1424 791 1543 832 inclu-

76 874 230 904 cnntur.
345 862 538 918 laqueum.
593 860 725 903 Amb.
754 867 794 903 2.
826 859 962 902 Guelf.
997 860 1143 915 laqueo.
1205 859 1328 901 Amb.
1362 866 1399 902 1.
1427 860 1539 902 Flor.

75 931 166 972 Par.
203 936 239 970 1.
271 936 312 972 2.
342 935 382 971 3.
417 934 539 970 etiam
571 929 686 970 latus.
800 940 836 969 et
860 928 962 983 plus.
1017 929 1125 970 Flor.
1155 928 1265 970 Jens.
1295 928 1393 971 Loc.
1412 929 1482 968 secl
1504 940 1541 968 et

70 998 175 1053 plus.
290 997 419 1039 Aan.
448 1004 489 1039 2.
522 996 591 1037 secl
623 995 725 1052 plus.
841 995 1075 1053 deprehensi.
1135 996 1263 1038 Amb.
1298 1004 1339 1039 2.
1376 1013 1540 1053 quoque

74 1066 265 1120 deprensi.
379 1068 562 1107 interriti.
617 1065 759 1120 Camp.
780 1067 991 1105 interituri.
1115 1064 1223 1105 domi
1242 1076 1342 1106 ante.
1400 1065 1540 1106 Turio.

73 1134 183 1175 Flor.
208 1134 444 1175 dominante.
556 1135 768 1187 versandi5
797 1137 935 1174 variis.
984 1133 1052 1174 Sic
1073 1137 1197 1175 etiam
1213 1133 1342 1175 Amb.
1366 1139 1404 1175 1.
1425 1133 1536 1175 Flor.

71 1202 165 1244 I‘ar.
192 1207 228 1243 1.
249 1209 290 1243 2.
404 1204 568 1258 possint.
626 1202 696 1244 Sic
728 1206 850 1242 etiam
880 1201 1008 1242 Amb.
1042 1207 1080 1242 1.

188 1273 224 1324 §.
257 1276 322 1312 12.
382 1274 637 1312 constiterint.
693 1269 832 1312 Turio.
862 1269 971 1312 Flor.
998 1272 1262 1310 constiterunt.
1378 1271 1448 1309 vit.
1476 1270 1540 1308 in-

72 1337 214 1380 sidia-e.
271 1338 342 1380 Sic
364 1342 486 1379 etiam
508 1338 637 1383 Amb.
660 1345 698 1381 1.
713 1346 749 1382 2.
768 1339 879 1381 Flor.
997 1338 1082 1380 illa.
1131 1337 1271 1379 Turio.
1292 1336 1400 1380 Flor.
1420 1336 1539 1380 Alm.

70 1407 179 1448 illas.

186 1477 222 1529 ξ.
255 1480 319 1516 13.
375 1478 522 1529 igitur,
554 1492 663 1530 quas,
720 1474 862 1529 Camp.
893 1474 1364 1529 B0d1.inserr.pr0pter.
1452 1472 1539 1513 lac-

11 1531 17 1548 *
71 1541 203 1583 flendi.
269 1543 393 1584 Amb.
432 1549 468 1584 1.
506 1543 640 1584 Turic.
674 1541 785 1585 Flor.
817 1543 933 1584 AJm.
973 1543 1090 1584 Bodl.
1121 1541 1237 1582 lac-cli.
1350 1542 1537 1598 qffbrant.

10 1609 19 1621 ²
71 1610 210 1653 Guelf.
230 1609 351 1653 Voss.
386 1617 424 1652 3.
451 1613 636 1668 qffcrunt.
751 1623 827 1653 sat.
859 1610 984 1652 Goth.
1015 1608 1136 1652 Voss.
1157 1616 1197 1652 2.
1229 1609 1341 1651 Jens.
1375 1619 1415 1651 et
1444 1611 1536 1650 edd.

19 1707 21 1709 -
72 1689 167 1719 ante
196 1678 326 1721 Stoer.
354 1696 470 1720 meae
485 1713 495 1731 ‚
536 1696 632 1721 cum
665 1683 719 1720 eis
751 1696 855 1736 quae
874 1689 969 1720 sunt
991 1695 1054 1733 ap.
1075 1678 1216 1720 Burm.
1237 1681 1349 1720 satis.
1464 1695 1538 1733 per

16 1755 20 1770 ”
69 1747 158 1788 hoc.
218 1747 346 1789 Amb.
368 1754 407 1790 2.
427 1747 564 1790 Guelf.
579 1766 653 1804 pro
674 1749 761 1789 lzoc.
865 1748 1129 1789 reconciliari.
1175 1747 1285 1788 Jens.
1305 1745 1405 1788 Lon.
1424 1744 1536 1787 Ven.

18 1837 22 1862 ς
70 1816 293 1857 conciliari.
389 1820 574 1873 corrupti.
628 1815 767 1858 Guelf.
790 1819 979 1872 conrupti.
1075 1819 1117 1857 in
1140 1819 1200 1855 iis.
1251 1813 1386 1856 Guelf.
1407 1814 1536 1857 Amb.

70 1890 108 1926 2.
142 1883 283 1937 Camp.
314 1887 356 1923 in
385 1885 462 1926 his.
577 1902 624 1925 ca
652 1903 760 1940 quae.
817 1884 947 1927 Amb.
976 1891 1013 1927 2.
1047 1902 1177 1940 eaque.
1290 1894 1372 1923 tum
1398 1883 1536 1924 mul-to.

20 1979 23 1992 ς
69 1951 199 1995 Amb.
224 1956 260 1992 1.
287 1958 324 1992 2.
354 1951 462 1993 Flor.
493 1952 579 1993 Par.
603 1958 639 1993 1.
661 1958 698 1994 5.
720 1957 914 1994 omittunt
933 1964 1024 1992 tum.

182 2021 218 2070 §.
253 2020 318 2060 14.
374 2024 600 2074 suspectius.
651 2021 789 2062 Turio.
817 2037 840 2061 a
866 2037 925 2075 pr.
947 2037 1001 2062 m.
1033 2031 1242 2075 suspectu—s.
1354 2035 1535 2074 persevc—

68 2090 257 2128 raverint.
321 2087 450 2129 Amb.
482 2093 518 2129 1.
552 2093 825 2143 perseverarit.
893 2089 1029 2130 TuriG.
1057 2091 1360 2144 perseverarint.
1424 2087 1532 2126 Flor.

26 2179 28 2181 ·
65 2167 377 2212 perseverarunt.
443 2155 580 2197 Guelf.
604 2173 625 2196 a
644 2173 702 2210 pr.
722 2173 774 2196 m.
797 2155 922 2198 Goth.
955 2157 1081 2199 Amb.
1105 2163 1145 2197 2.
1173 2165 1534 2212 perseveraverunt.

154 2227 362 2278 responsio.
421 2224 490 2265 Sic
510 2229 632 2265 etiam
656 2225 765 2266 Flor.
785 2241 808 2265 a
827 2243 887 2280 pr.
908 2241 965 2266 m.
1028 2224 1111 2266 Sed
1143 2240 1194 2265 ex
1214 2223 1340 2266 Amb.
1363 2228 1396 2264 1.
1425 2223 1535 2262 nihil

66 2295 117 2333 ab
148 2292 345 2334 Obrecht.
378 2294 581 2334 diversum
608 2303 794 2345 notatur,
846 2297 881 2334 si
915 2297 1004 2349 quis
1042 2297 1080 2332 ei
1106 2296 1165 2332 rei
1194 2293 1394 2332 confidere
1421 2294 1533 2331 velit.

30 2375 31 2393 ³
66 2358 175 2403 Mihi
194 2377 287 2401 vero
308 2362 635 2416 reprehensionmn
657 2365 856 2402 sententia
876 2364 1035 2402 videtur
1057 2364 1280 2415 postulare,
1318 2374 1395 2400 nec
1420 2362 1532 2399 mul-

66 2436 156 2469 tum
170 2432 304 2470 tribuo
325 2430 403 2471 hoc
427 2433 471 2470 in
500 2433 603 2471 libro
625 2432 826 2471 codicibus
847 2433 925 2471 illis
948 2431 1080 2470 adhuc
1101 2432 1271 2483 optilnis.

182 2501 220 2551 §.
254 2503 315 2540 15.
374 2509 515 2540 tamen.
577 2499 646 2540 Sic
668 2503 790 2539 etiam
810 2499 939 2541 Amb.
961 2504 998 2540 1.
1016 2504 1056 2540 2.
1079 2499 1187 2539 Flor.
1210 2497 1301 2538 Par.
1329 2502 1367 2536 1.
1388 2502 1428 2537 2.
1453 2499 1489 2537 5.

119 2595 121 2597 -
182 2569 216 2617 §.
251 2571 316 2609 16.
373 2567 502 2609 habet.
558 2568 690 2611 Amb.
715 2573 751 2608 1.
782 2566 933 2608 habent.
1050 2566 1241 2607 laedendi.
1300 2563 1440 2618 Camp.
1469 2563 1532 2603 ln·-

67 2632 197 2676 alendi.
311 2636 380 2676 sed
408 2637 543 2693 aliquo
574 2661 632 2669 —-·
663 2636 717 2677 acl
747 2635 800 2677 id.
867 2636 976 2677 Flor.
1012 2634 1153 2690 Camp.
1186 2638 1307 2674 etiam
1335 2650 1376 2672 se
1402 2631 1452 2672 ab
1485 2647 1530 2671 eo
