1721 2974
386 173 439 213 αιῖ
471 171 633 226 Quintil.
665 173 793 213 Ins.tir
824 173 882 223 ῙῙ,
912 179 980 216 21.
1014 173 1052 224 §.
1086 177 1178 213 6—
1189 175 1257 215 24.
1467 182 1552 218 113

97 285 205 327 Flor.
235 285 361 329 Amb.
380 293 420 329 2.
451 286 575 328 Paris.
591 292 627 328 1.
641 293 680 328 2.
694 288 734 328 4.
767 286 932 342 Campe
922 319 934 340 ,
954 296 1153 341 receptam
1174 287 1396 328 defendunt
1416 286 1540 330 Amb.

99 359 138 394 1.
168 354 292 396 Paris.
316 360 355 396 3.
379 362 418 397 5

213 434 250 484 §.
285 438 352 476 15.
409 433 679 488 Nequecnim.
728 431 814 473 Nec
843 449 903 473 cn.
933 430 1056 474 Goth.
1086 447 1182 474 cum
1210 433 1302 474 edd.
1332 443 1427 475 vett.
1452 444 1545 476 ante

96 499 210 541 Sich.
325 500 448 542 dicet.
441 500 462 530 Ρ
513 499 609 539 <licit
637 499 763 542 Amb.
788 506 826 542 1.

211 583 248 632 §.
279 583 345 618 16.
405 595 480 619 non
502 577 593 635 fab.
623 594 671 618 au
651 590 689 617 ut
727 582 848 619 etiam
877 578 1014 619 Turio.
1043 577 1151 619 Flor.
1181 577 1307 620 Amb.
1338 587 1379 622 2.
1417 582 1543 625 Paris.

97 649 136 686 1.
158 651 200 686 2.
221 650 260 685 3.
300 644 442 699 'Camp.
504 656 571 685 aut
615 660 695 685 om.
735 645 931 687 Amb.-1.
1046 657 1258 701 quaeratur
1284 651 1405 688 etiam
1433 649 1542 692 Flor.

93 711 220 753 Amb.
243 717 282 754 1.
300 719 341 755 2.
370 712 494 753 Paris.
517 717 555 753 1.
576 718 616 753 2.
643 718 681 753 3.
716 711 856 766 Camp.
972 713 1019 752 de
1048 729 1169 753 causa
1196 731 1282 755 sua.
1342 716 1389 755 de
1408 732 1482 757 sna
1504 735 1541 760 c.

92 779 203 822 Flor.
318 783 384 835 qui
409 779 536 820 Amb.
565 784 602 819 1.
635 795 658 819 a
674 795 735 833 pr.
761 795 818 820 m.
877 779 982 834 quid,
1014 795 1035 820 a
1055 797 1132 821 sec.
1153 784 1219 835 qui
1238 782 1292 823 id.
1408 790 1542 828 nescit.

92 851 234 888 nesciet
261 846 370 889 Flor.
401 846 526 887 Amb.
551 852 590 887 1.
621 846 746 888 Paris.
771 852 808 887 1.
838 846 948 888 Jens.
981 857 1019 888 et
1047 857 1148 901 post.
1178 858 1268 888 aute
1297 849 1427 893 Stoer.

92 915 195 955 dicct
233 932 315 957 om.
356 917 476 954 etiam
515 914 624 955 Flor.
666 913 792 955 Amb.
827 919 866 954 1.
907 914 1030 956 Paris.
1053 921 1092 956 1.
1115 922 1155 958 2.
1181 922 1220 957 5.
1251 916 1364 959 Sich.
1479 925 1544 977 qui

92 998 174 1024 om.
205 987 326 1023 etiam
354 982 463 1023 Flor.
493 981 619 1023 Amb.
644 988 685 1023 2.

204 1064 241 1116 §.
273 1067 339 1104 17.
399 1063 630 1102 desiderarit
651 1060 786 1103 Guelf.
903 1063 975 1100 erit
993 1061 1157 1116 quidem.
1208 1063 1312 1117 quid.
1337 1082 1391 1106 er.
1413 1066 1540 1110 Aan.

91 1135 131 1172 1.
248 1130 439 1183 deligavit
469 1134 590 1170 etiam
620 1129 729 1171 Flor.
760 1127 886 1169 Amb.
907 1135 947 1169 2.
979 1128 1104 1169 Paris.
1133 1134 1170 1169 1.
1191 1135 1231 1171 2.
1255 1135 1294 1172 5.
1329 1131 1467 1189 Camp.

202 1213 240 1262 §.
273 1213 338 1250 18.
397 1225 466 1249 nec
504 1233 561 1240 ——
599 1224 668 1248 nec
704 1231 762 1237 —
801 1223 883 1248 nec·
954 1223 1070 1261 neque
1102 1232 1159 1239 -—-
1196 1224 1312 1263 neq-ue
1338 1236 1396 1243 —
1424 1231 1541 1269 neque

85 1277 227 1318 Turio.
256 1276 363 1317 Flor.
394 1275 520 1317 Amb.
547 1282 585 1317 1.
619 1275 754 1318 Guelf.
875 1275 1058 1315 Ostiensi.
1104 1275 1225 1316 Host.
1253 1275 1377 1320 Goth.
1402 1279 1537 1323 Guelf‚

86 1355 126 1386 et
157 1345 248 1385 edd.
280 1359 418 1384 omnes
448 1353 540 1383 aute
569 1343 713 1385 Burm.
776 1343 933 1384 Ostensi
961 1341 1098 1382 Turio.
1131 1357 1154 1381 a
1174 1358 1234 1395 pr.
1257 1359 1313 1384 m.
1344 1345 1469 1388 Amb.
1497 1356 1534 1390 1,

198 1424 237 1474 §.
271 1427 336 1463 19.
398 1422 687 1462 conversabitur
709 1426 830 1476 etiam
849 1422 957 1463 Flor.
977 1419 1104 1460 Amb.
1123 1427 1164 1461 2.
1183 1420 1307 1463 Paris.
1333 1429 1370 1464 1.
1394 1424 1534 1481 Camp.

168 1490 357 1530 dicamus.
419 1489 548 1528 (licam
576 1489 703 1531 Amb.
732 1495 770 1530 1.
874 1489 971 1547 fere
1003 1504 1118 1543 posse
1148 1488 1278 1530 credo.
1323 1491 1372 1547 fi
1404 1509 1462 1534 cr.
1491 1512 1533 1549 p.

84 1557 211 1599 Amb.
239 1562 276 1597 1.
336 1574 392 1597 cr.
419 1557 465 1613 f
493 1574 535 1611 p.
565 1556 673 1598 Flor.

199 1637 336 1687 §.-20.
402 1636 587 1690 subjecta.
653 1636 733 1676 Ita.
803 1635 910 1677 Flor.
951 1638 1199 1688 interpungit
1237 1637 1402 1678 demum
1443 1651 1534 1694 post

81 1708 153 1745 ita.
269 1706 500 1758 accepimus,
560 1707 777 1758 accipimus
806 1703 914 1745 Flor.
957 1701 1094 1744 Guelf.
1134 1703 1252 1745 Voss.
1272 1710 1312 1745 2.
1335 1710 1374 1746 3.
1407 1705 1532 1750 Goth.
1560 1700 1568 1706 ⁶

80 1772 205 1813 Amb.
233 1778 274 1814 2.
584 1818 588 1825 ἱ

194 1851 232 1901 §.
264 1855 332 1890 21.
404 1849 451 1888 de
487 1849 675 1889 omnibus.
744 1850 792 1889 de
828 1867 928 1890 omn.
971 1849 1081 1889 rebus
1125 1848 1252 1891 Amb.
1291 1857 1328 1892 1.
1455 1871 1532 1909 qua

80 1920 248 1973 quisque.
305 1934 401 1971 quas
432 1935 467 1971 (J.
484 1916 635 1965 ¹Turio.
668 1933 690 1958 a
710 1934 770 1972 pr.
793 1933 848 1958 m.
877 1916 993 1957 Alm.

195 1997 231 2047 §.
263 2000 331 2035 22.
390 1997 425 2034 si
455 2006 567 2048 negat
598 2009 678 2034 om.
705 1993 813 2035 Flor.
837 2010 858 2033 a
875 2010 935 2048 pr.
958 2010 1014 2036 m.
1073 1999 1112 2034 si
1133 2007 1239 2050 neget
1261 1995 1382 2039 Goth.
1406 1998 1526 2041 Voss.

79 2071 120 2105 2.
152 2077 245 2103 cum
276 2059 416 2116 Camp.
449 2071 487 2101 et
514 2070 614 2114 post.
647 2071 738 2101 ante
768 2061 924 2114 Colin.,
975 2079 1060 2102 exc.
1092 2062 1192 2103 AJd.
1250 2076 1365 2117 negat
1393 2075 1528 2108 tuetur

77 2132 185 2173 Flor.
218 2145 240 2169 a
268 2144 345 2169 sec.
375 2144 431 2170 m.
475 2143 568 2169 clun
606 2126 741 2169 Guelf.
865 2129 919 2168 acl
958 2130 1185 2170 rhetoricen.
1245 2131 1300 2169 acl
1335 2132 1527 2173 rhetorem.

77 2198 205 2240 Amb.
237 2202 276 2237 1.
313 2200 526 2250 posteriore
563 2198 667 2235 loco.
783 2198 823 2234 in
852 2208 997 2250 quaest.
1056 2200 1095 2235 in
1124 2212 1204 2237 om.
1235 2201 1355 2237 etiam
1385 2199 1522 2242 Turio.

77 2267 186 2308 Flor.
215 2264 339 2305 Paris.
371 2265 411 2305 4.
455 2263 596 2317 Camp.
636 2265 727 2303 fort.
767 2262 893 2302 Amb.
926 2269 962 2303 1.
1023 2262 1276 2316 Singularem
1305 2280 1522 2309 numerum

78 2333 300 2374 defendunt
330 2331 468 2372 Turio.
497 2330 605 2371 Flor.
636 2329 759 2370 Paris.
782 2335 819 2369 1.
844 2336 882 2370 5.
913 2333 1004 2372 fort.
1035 2329 1161 2371 Amb.
1197 2336 1233 2371 1.
1251 2363 1261 2383 ,
1301 2342 1340 2372 et
1367 2338 1519 2388 primus

78 2403 188 2443 dedit
218 2400 330 2441 Sich.

189 2492 226 2543 §.
258 2494 326 2530 23.
385 2487 501 2529 delib.
535 2487 744 2529 demonstr.
804 2486 902 2527 clem.
933 2486 1008 2527 dcl.
1041 2487 1182 2542 Camp.

189 2579 228 2631 §.
258 2581 326 2620 24.
385 2581 501 2619 etiam
529 2577 589 2620 cle.
645 2587 680 2616 et
710 2576 756 2616 de
783 2575 919 2618 Turio.
949 2576 1056 2618 Flor.
1095 2577 1210 2619 Alm.
1249 2577 1374 2618 Amb.
1408 2585 1445 2620 1.
1474 2585 1514 2621 2.

79 2645 215 2689 Guelf.
259 2645 382 2689 Goth.
425 2645 566 2701 Camp.
635 2643 698 2686 Cf.
729 2642 794 2697 II,
826 2649 892 2698 16,
924 2650 963 2686 6.
1075 2656 1145 2688 est.
1203 2645 1522 2692 lustramentum.-

124 2728 222 2762 Tom.
251 2726 293 2765 V.
1017 2713 1059 2753 H
