1721 2974
170 162 249 198 316
609 156 880 213 Supplementa
909 158 1171 197 annotationis

166 269 251 309 sich
273 268 574 321 ηἱειῖενεεαεηιῖ,
612 271 793 309 nondum
812 278 992 321 perorata
1011 268 1171 320 causa]
1283 270 1380 323 ipso.
1427 269 1563 312 Turio.
1586 287 1609 311 a

166 352 225 390 pr.
247 352 301 377 m.
328 340 420 391 ipse.
511 340 579 376 ris.
601 349 647 376 et.
669 351 770 376 mov.
791 352 916 390 saepe.
964 335 1030 376 Sic
1052 324 1172 376 etjam
1191 335 1298 376 Flor.
1313 368 1324 388 ‚
1365 347 1405 378 at
1423 337 1547 379 Amb.
1570 345 1607 379 1.

166 419 245 446 om.
267 407 395 445 etiam.
453 404 588 445 Turio.
611 419 633 442 a
652 419 710 456 pr.
732 418 787 445 m.
809 404 876 443 hic
894 419 1054 458 quoque
1073 407 1259 444 moventis
1279 404 1409 444 habet.
1492 423 1610 459 prae-

167 475 477 527 cipue—fiunt.
528 469 646 511 Amb.
673 476 710 510 1.
739 485 898 525 quoque
927 480 1015 524 post
1041 472 1140 511 haec
1169 474 1290 512 verba
1320 474 1459 513 inserit
1489 472 1610 512 aliam

166 539 322 579 cadunt.
371 539 461 579 Par.
488 544 525 577 1.
545 537 628 578 alia
650 537 806 577 cadunt.
853 537 943 579 Par.
966 545 1007 578 2.
1028 538 1130 578 alias
1150 538 1306 580 cadunt.

279 609 316 657 §.
351 611 416 647 39.
485 604 579 658 aliq.
606 615 708 659 patr.
770 605 838 645 Sic
871 609 993 645 etiam
1029 605 1137 645 Flor.
1254 623 1334 646 esse
1373 605 1610 646 adversarii.

167 672 300 715 Guelf.
321 673 410 712 adv.
432 689 464 712 e.
511 671 620 711 Flor.
643 688 722 711 esse
742 683 777 711 et
800 673 1015 713 adversari.
1065 673 1202 714 Turio.
1225 689 1248 713 a
1266 690 1326 727 pr.
1347 689 1403 714 ln.
1426 685 1481 712 est
1502 673 1610 722 adv„

165 751 206 782 et
235 757 406 781 sororem
437 755 507 792 pro
540 755 666 779 soror.
788 741 902 779 Tum.
954 739 1080 781 Amb.
1103 747 1140 780 1.
1161 740 1269 781 Flor.
1292 744 1412 780 etiam
1431 757 1530 782 cum.

166 808 326 863 alioqui.
376 806 513 846 Turio.
537 821 558 846 a
576 822 654 848 sec.
677 822 731 848 m.
757 806 970 860 alioquam.

277 879 313 928 §.
344 877 410 914 40.
467 874 576 930 profi
596 877 742 927 magni.
783 872 921 915 Turio.
945 889 967 913 a
988 890 1065 915 sec.
1090 890 1146 916 m.
1169 876 1288 915 inser.
1311 886 1378 916 est.
1492 886 1534 915 αἰ
1551 892 1610 915 ca.

164 942 300 982 Turio.
328 956 349 979 a
370 958 430 994 pr.
450 957 506 981 111.
528 941 581 982 acl
601 958 667 993 ea,
707 956 730 981 a
751 957 830 982 sec.
857 943 934 994 adj.
955 953 1000 982 et.
1098 959 1200 997 saep.
1224 945 1290 982 ris.
1340 941 1476 984 Turio.
1507 958 1529 982 a
1548 959 1609 996 pr.

163 1025 219 1050 m.
247 1009 353 1049 Flor.
387 1009 528 1062 Camp.
564 1027 595 1049 r.
625 1026 657 1048 s.
775 1012 870 1049 etii.
921 1008 1055 1050 Guelf.
1089 1025 1168 1050 om.
1204 1021 1252 1051 et.
1304 1009 1440 1051 Turio.
1473 1022 1505 1050 et
1535 1011 1608 1061 liii,

164 1093 188 1118 a
207 1094 284 1117 sec.
305 1092 361 1117 1n.
384 1088 419 1116 et
438 1077 492 1117 Izi.
607 1077 744 1134 officii.
788 1075 915 1116 Aan.
937 1081 974 1117 1.
1007 1080 1127 1115 etiam
1158 1078 1303 1132 officio.
1419 1080 1484 1132 qui
1503 1090 1611 1118 esset.

163 1144 301 1185 Turio.
325 1162 359 1200 q.
383 1161 462 1184 esse
481 1155 537 1196 et,
577 1161 599 1184 a
619 1161 695 1184 sec.
717 1159 773 1183 m.
797 1161 835 1198 q.
858 1154 992 1184 essent.
1035 1142 1180 1184 Guelf.
1210 1146 1296 1197 quis
1322 1155 1430 1185 esset.
1533 1163 1610 1199 pa-

162 1224 306 1252 tronus.
354 1212 492 1254 Turio.
517 1229 539 1252 a
558 1229 634 1252 sec.
659 1227 715 1252 m.
736 1214 929 1265 patronis.
1027 1212 1253 1266 affin-bani.
1309 1211 1444 1251 Turic-
1469 1213 1610 1268 ‹ffire-

163 1281 310 1321 hamus.
407 1280 655 1336 deformitate
673 1303 729 1310 -—
753 1278 899 1334 itficsa.
941 1277 1069 1319 Aan.
1094 1285 1130 1320 1.
1153 1278 1190 1319 cl.
1212 1281 1238 1319 i.
1262 1296 1298 1318 n.
1319 1295 1351 1319 s,
1376 1279 1612 1319 caducaveri

162 1342 308 1406 itficsa.
355 1347 463 1388 Flor.
488 1348 526 1389 d.
552 1351 577 1388 i.
602 1365 637 1388 n.
662 1364 767 1386 senes
796 1346 847 1400 (a
864 1362 943 1386 sec.
967 1361 1021 1386 m.
1053 1343 1180 1399 senis)
1212 1346 1362 1385 caduca
1389 1349 1473 1386 veri
1500 1348 1610 1404 infu-

162 1433 260 1456 sam.
318 1416 407 1456 Par.
434 1421 470 1456 1.
501 1415 539 1455 ἄ.
569 1417 595 1455 i.
629 1432 665 1455 n.
699 1413 890 1454 caducam
924 1416 1006 1452 veri
1030 1412 1217 1470 infusam.
1275 1412 1366 1456 Par.
1389 1420 1429 1456 2.
1454 1414 1494 1455 d.
1518 1418 1545 1455 i.
1569 1432 1607 1456 n.

164 1486 263 1525 ceris
300 1484 469 1523 cadaver
502 1481 713 1523 attulerant
746 1481 929 1539 inficsum.

277 1552 312 1603 §.
345 1552 412 1590 41.
472 1550 564 1606 quid
596 1549 773 1606 Glyconi.
823 1548 960 1589 Turio.
999 1564 1021 1589 a
1050 1564 1109 1601 pr.
1141 1565 1197 1589 m.
1237 1552 1308 1604 qui
1339 1547 1529 1589 Gliconis.

150 1617 240 1675 fnit
264 1635 376 1671 cogn.
424 1615 558 1658 Guelf.
582 1616 837 1673 tegmenfuit.
938 1618 977 1654 in
991 1618 1068 1670 jus.
1120 1615 1243 1656 Amb.
1278 1622 1315 1657 1.
1345 1616 1452 1656 Flor.
1489 1632 1510 1655 a
1529 1632 1609 1657 sec.

162 1702 217 1726 m.
242 1689 362 1725 etiam
384 1688 438 1735 is,
483 1700 505 1723 a
534 1701 595 1738 pr.
626 1700 682 1724 m.
709 1687 787 1737 jus,
895 1699 951 1722 ex
969 1683 1081 1737 paecl.
1130 1683 1256 1722 Amb.
1291 1689 1329 1723 1.
1363 1699 1388 1722 α
1414 1683 1526 1740 paecl.
1558 1683 1610 1737 (a

162 1757 293 1807 suppl.
334 1769 355 1792 a
385 1769 462 1792 sec.
494 1751 578 1805 m.)
627 1751 764 1791 Turio.
805 1765 828 1790 a
858 1766 918 1804 pr.
946 1765 1002 1790 m.
1035 1750 1141 1790 Flor.
1178 1761 1214 1788 et
1245 1749 1362 1804 paed.
1488 1753 1607 1790 circa.

163 1821 230 1862 Sic
253 1824 373 1860 etiam
398 1819 523 1860 Amb.
551 1825 586 1859 1.
617 1818 723 1859 Flor.

276 1892 311 1942 ς.
344 1890 410 1928 42.
469 1886 703 1926 tolerabilia.
756 1883 879 1925 Amb.
919 1889 956 1924 1.
991 1884 1133 1935 adjecit
1167 1871 1226 1935 is,
1276 1899 1354 1924 sec.
1383 1897 1438 1922 m.
1469 1897 1610 1935 super-

163 1961 316 2011 scripsit
343 1957 379 1996 ἢ.
427 1955 565 1996 Tul-ic.
599 1963 637 1993 et
660 1952 767 1993 Flor.
801 1967 824 1991 a
851 1967 911 2005 pr.
938 1967 994 1991 m.
1032 1950 1288 1990 tolerabilius.
1403 1951 1607 1990 actionem.

163 2024 302 2077 Camp.
324 2026 488 2064 actione.
587 2032 642 2061 at.
689 2020 827 2060 Turio.
852 2032 950 2073 apr.
973 2034 1030 2059 m.
1055 2018 1119 2058 ad.
1217 2028 1284 2057 aut
1307 2021 1450 2057 contio.
1497 2016 1609 2057 Flor.

162 2104 203 2133 ut
226 2103 326 2132 cont.
416 2093 691 2131 conticescunt.
734 2087 842 2128 Flor.
864 2089 1133 2127 conticiscunt.
1177 2084 1315 2138 Camp.
1338 2087 1609 2124 conticescant.

216 2179 219 2183 ⁴
249 2170 315 2199 ant
324 2158 439 2217 freq.
488 2156 624 2197 Turio.
645 2171 668 2195 a
688 2171 748 2210 pr.
771 2171 828 2196 m.
851 2165 893 2194 ut
903 2153 971 2211 fr.
1053 2170 1181 2207 genua
1208 2163 1350 2193 vestra.
1402 2151 1470 2192 Sic
1487 2154 1609 2191 etiam

161 2228 271 2270 Flor.
366 2227 530 2268 etiamsi.
580 2222 649 2264 Sic
670 2227 793 2264 etiam
807 2221 931 2264 Amb.
954 2228 991 2262 1.
1019 2221 1127 2261 Flor.
1227 2223 1275 2260 is.
1322 2219 1459 2260 Turic.
1494 2234 1517 2258 a
1545 2233 1605 2271 pr.

162 2312 218 2337 m.
257 2296 331 2336 his.

277 2365 313 2415 §.
345 2365 412 2402 43.
472 2360 546 2400 Ex
565 2358 722 2399 scholis.
763 2361 829 2399 Sic
851 2359 972 2397 etiam
989 2354 1168 2396 Amb.1.
1250 2353 1434 2415 volumus.
1476 2352 1605 2394 Amb.

167 2436 206 2471 1.
226 2430 362 2470 Turio.
385 2444 408 2468 a
425 2443 484 2481 pr.
505 2443 560 2468 m.
584 2426 616 2467 F
619 2430 693 2467 lor.
715 2429 836 2465 etiam
852 2424 1054 2465 voluimus.
1141 2439 1217 2461 ver.
1237 2438 1363 2475 egr-eg.
1396 2421 1462 2462 Sic
1484 2424 1606 2460 etiam

167 2498 300 2550 Flor.;
335 2496 471 2536 Turio.
493 2511 516 2535 a
535 2511 592 2549 pr.
613 2511 667 2534 m.
686 2496 864 2548 egregiae
894 2508 1001 2547 quae.
1120 2488 1228 2530 Cass.
1249 2489 1327 2528 dic.
1385 2488 1453 2529 Sic
1483 2491 1605 2527 etiam

167 2564 288 2605 Amb.
315 2570 351 2604 l.
378 2563 484 2603 Flor.
592 2562 698 2615 Quicl
715 2579 787 2602 me.
838 2559 974 2600 Turio.
1000 2574 1021 2597 a
1041 2574 1098 2611 pr.
1119 2573 1172 2598 m.
1205 2555 1368 2611 quidem.
1468 2557 1604 2609 inquit.

168 2631 288 2673 Amb.
314 2637 349 2671 1.
371 2631 475 2671 Flor.
496 2634 593 2671 item
615 2629 763 2686 quidni.
