1721 2974
95 122 147 157 92
529 115 802 172 Supplemenia
840 119 1102 159 annotationis

93 230 214 270 servis
244 227 289 270 P.
311 226 444 270 Clodii
462 230 592 269 rixam
611 231 916 279 commiserunt,
957 237 997 269 et
1014 237 1150 282 postea
1172 231 1422 286 aliquoties]

92 296 291 337 incumbit.
359 296 530 336 incubuit
567 299 691 337 etiam
728 296 850 338 Paris.
883 300 919 336 1.
950 301 987 338 5.
1025 294 1151 337 Aan.
1191 303 1230 338 2.
1274 297 1395 352 (cum
1420 298 1534 340 Voss.

94 369 133 404 1.
160 369 197 404 3.
229 362 383 418 Bern.)

207 443 243 494 §.
266 447 304 482 3.
364 441 582 482 creduntur.
632 441 705 479 Est
720 451 847 495 praet.
907 441 1136 482 credendum
1151 454 1220 484 est.
1272 442 1405 484 Praei.
1427 442 1535 484 Flor.

92 525 116 550 a
135 525 193 564 pr.
216 525 269 549 m.
292 509 429 550 Turic.
478 520 534 548 est
556 523 635 549 om.
660 506 800 562 Camp.

205 589 241 640 ξ.
273 588 312 628 4.
374 587 507 627 libero.
566 586 703 625 liberto
734 585 871 628 Turio.
895 584 1003 629 Flor.
1036 602 1058 629 a
1085 604 1146 643 pr.
1179 604 1235 630 m.
1351 589 1414 629 vel
1433 606 1532 630 cum.

91 655 195 695 velut
216 671 303 696 cum
319 654 456 695 Turio.
480 655 589 694 Flor.
610 651 726 693 Ahn.

206 736 243 786 §.
276 739 315 776 5.
376 732 503 772 dicere
521 733 609 785 ipsi.
671 733 748 786 ipsi
765 731 841 773 dic.
860 731 967 775 Flor.
990 731 1112 775 Goth.
1135 747 1228 774 cum
1241 733 1350 774 Jens.
1377 742 1415 774 et
1433 744 1533 788 post,

90 811 187 843 ante
204 801 315 842 Sich.
369 801 446 854 ipsi
465 813 543 842 em.
566 796 701 839 Guelf.
818 799 1027 841 noluissent
1043 800 1207 842 Pottier,
1229 817 1280 841 ex
1297 800 1420 842 Paris.
1445 808 1533 843 1.2.

90 871 150 924 (is
180 878 237 909 est
261 865 491 920 Vallensis)
521 869 560 907 5.
601 869 790 909 enotavit.
915 868 1027 911 unde.
1084 866 1146 908 Ita
1174 867 1341 923 Camp.;
1389 872 1536 924 reliqui

88 939 268 977 silentur.
393 950 526 974 ver->um
563 944 599 973 et
642 950 734 974 raro
771 938 907 976 evenit.
974 951 1056 977 ver.
1089 935 1134 975 id
1169 946 1204 974 ct
1236 952 1327 976 raro
1357 939 1538 990 provenit

91 1003 220 1049 Aan.
244 1008 281 1042 1.
398 1011 507 1046 certa
523 1003 633 1042 vitia.
692 1001 760 1042 Sic
782 1005 904 1042 etiam
925 1002 1032 1043 Flor.
1055 1002 1180 1044 Amb.
1206 1009 1272 1054 2.3
1313 1007 1434 1043 ceteri
1450 1007 1535 1054 sil„

87 1075 165 1112 nisi
199 1070 308 1125 quod
338 1067 477 1110 Turio.
508 1084 531 1108 a
552 1084 628 1109 sec.
651 1083 706 1109 m.
735 1069 857 1110 habet
886 1081 987 1109 certe
1011 1087 1078 1119 ea,
1118 1080 1163 1111 ut
1182 1069 1300 1111 BodJ.
1324 1070 1536 1112 Pottierius

89 1154 142 1179 ex
162 1137 288 1179 Paris.
312 1140 349 1176 1.
371 1141 411 1177 2.
437 1141 475 1177 3.
508 1144 548 1176 et
567 1137 648 1176 edit
670 1135 810 1191 Camp.
842 1141 1020 1181 enotavit
1052 1149 1174 1179 certa.

203 1217 238 1268 ᾗ.
271 1219 309 1255 6.
361 1225 397 1254 et
414 1213 561 1254 electio.
619 1225 655 1254 et
673 1230 753 1257 om.
780 1214 920 1270 Camp.
945 1214 1057 1259 Sich.
1174 1215 1340 1259 docendi
1368 1214 1534 1258 Pottier.

86 1287 243 1326 notavit
263 1298 344 1324 esse
373 1285 416 1321 in
434 1281 558 1323 Paris.
582 1287 622 1324 2.
646 1288 684 1323 3.
741 1283 897 1324 dicendi
923 1287 966 1322 iu
991 1283 1114 1324 Paris.
1142 1289 1179 1325 1.
1209 1288 1248 1326 5.
1280 1283 1421 1339 Camp.

89 1351 347 1401 intenderint,
389 1349 583 1395 recedunt,
641 1349 841 1391 intendunt
873 1350 1037 1404 camp,
1080 1360 1125 1391 ut
1153 1354 1312 1392 volebat
1329 1351 1535 1393 Francius-

89 1418 242 1460 intende
258 1417 373 1458 Ahn.
397 1415 561 1470 Turic.;
601 1419 645 1456 in
669 1417 746 1458 hoc
773 1419 825 1459 al.
848 1433 903 1458 m.
930 1433 1029 1459 corr.
1059 1419 1252 1458 intendere
1273 1419 1422 1460 cedunt.

89 1504 166 1544 quo
193 1485 267 1526 vel.
325 1484 431 1540 quod
462 1484 527 1524 vel
553 1487 675 1525 etiam
707 1484 814 1527 Flor,
854 1485 958 1539 (nisi
985 1487 1096 1541 quod
1120 1486 1185 1526 vel
1209 1494 1267 1526 est
1295 1501 1318 1525 a
1343 1502 1421 1527 sec.
1453 1484 1538 1542 m.)

86 1554 210 1600 Amb,
238 1559 303 1606 1.;
340 1554 408 1593 hjc
436 1556 601 1610 praebet
626 1555 750 1592 etiam
781 1551 918 1608 Spald.
951 1557 1245 1606 conjecturam:
1284 1553 1536 1608 permulceat.

87 1623 227 1667 Tutic.
251 1620 368 1678 quod.
392 1638 430 1661 u.
493 1619 633 1674 Camp.
659 1620 763 1675 quod
782 1631 836 1659 ut.

200 1701 236 1753 §.
269 1704 310 1741 7.
366 1698 485 1754 plane
503 1701 543 1738 in
564 1699 741 1740 tenebris.
798 1698 924 1754 plana
943 1701 1044 1738 inter
1066 1699 1242 1744 tenebras
1272 1702 1394 1739 etiam
1411 1697 1534 1740 Amb.

86 1775 127 1814 2,
245 1766 353 1813 clare
379 1769 421 1806 in
453 1777 529 1809 ten.
561 1765 669 1806 Flor.
727 1765 851 1807 Porro
883 1769 924 1809 in
953 1767 1121 1806 tenebris
1149 1782 1230 1810 esse
1266 1769 1311 1806 in
1337 1765 1461 1809 Paris.
1496 1771 1534 1807 1.

87 1836 230 1890 Camp.
294 1837 394 1874 inter
418 1834 593 1873 tenebras
610 1836 654 1872 in
670 1831 794 1874 Paris.
817 1839 856 1875 2.
872 1837 910 1874 5.
941 1837 1097 1874 notavit
1113 1833 1279 1876 Pottier.
1396 1849 1538 1875 vocen*

85 1915 163 1944 ταν.
219 1901 349 1942 vident
375 1900 484 1941 Flor.
515 1916 539 1941 a
560 1917 621 1955 pr.
648 1916 705 1941 m.

199 1985 234 2032 §.
268 1986 307 2022 8.
367 1976 483 2019 etiam
518 1979 731 2019 detrahere.
798 1982 914 2020 etiam
950 1995 1031 2021 om.
1075 1979 1201 2029 Obr.,
1258 1995 1343 2020 non
1381 1982 1537 2034 astipul.

84 2049 209 2092 Amb.
245 2054 282 2089 1.
395 2047 621 2088 doctrinam
659 2061 739 2086 om.
770 2045 879 2088 Flor.
911 2063 934 2088 a
963 2063 1023 2102 pr.
1052 2063 1107 2088 m.
1232 2046 1535 2102 praepoli‘erunt,

86 2119 198 2174 quod
216 2132 268 2159 ex
285 2113 381 2157 Ald.
401 2118 604 2170 prolatum
622 2117 776 2170 placuit
792 2114 932 2157 Burm.
948 2146 959 2167 ‚
987 2116 1139 2157 habent
1155 2118 1278 2157 etiam
1295 2114 1321 2156 J
1323 2130 1403 2155 ens.
1426 2114 1534 2157 Ven-

84 2184 333 2241 praepoliunt
360 2181 483 2225 Goth.

201 2255 238 2306 §.
271 2258 311 2294 9.
373 2267 563 2307 pronunc.
633 2253 675 2291 in
701 2266 816 2305 pron.
848 2249 956 2290 Flor.
988 2266 1012 2290 a
1039 2266 1117 2293 seo.
1148 2265 1204 2291 m.
1322 2260 1356 2289 et
1390 2251 1534 2290 omnia.

89 2320 144 2361 acl
172 2336 274 2360 omn.
304 2319 442 2361 Turio.
464 2320 572 2360 Flor.
593 2316 704 2359 Alm.
733 2317 862 2359 Palat.
887 2334 950 2372 ap.
976 2317 1179 2359 Gebhard,
1203 2317 1343 2371 Camp.
1432 2334 1538 2358 εῖναι-.-

87 2389 211 2440 giunt.
271 2398 476 2441 emungunt
505 2386 642 2428 Tusic.
674 2387 781 2430 Flor.
813 2385 925 2427 Ahn.
954 2385 1076 2427 Amb.
1109 2390 1145 2426 1.
1174 2400 1198 2425 a
1223 2400 1301 2425 sec.
1331 2400 1414 2436 m.‚
1466 2387 1538 2439 qui

91 2462 291 2507 receptam
307 2453 450 2496 habuit
477 2470 500 2495 a
521 2471 581 2510 pr.
602 2470 658 2495 m.
761 2454 957 2512 furentes.
1005 2453 1230 2510 ji·equenies
1260 2450 1380 2492 Amb.
1404 2457 1442 2492 1.

87 2523 326 2574 jactatione,
352 2533 476 2574 gestu.
528 2526 628 2576 jact.
645 2533 777 2576 gestus
796 2521 934 2563 Turio.
953 2520 1058 2564 Flor.
1082 2535 1105 2560 a
1124 2535 1187 2574 pn
1202 2535 1258 2560 m.
1282 2518 1402 2561 Bodl.
1423 2517 1534 2561 Alm,

94 2588 238 2629 Joanu.
261 2586 382 2630 Amb.
403 2595 441 2629 2.
473 2588 591 2632 Voss.
615 2595 652 2631 1.
679 2596 717 2632 2.
751 2588 875 2632 Goth.
