1721 2974
387 184 441 225 ml
472 183 637 238 Quintil.
667 183 798 225 Instit.
828 181 910 235 IV,
948 189 989 225 2.
1023 185 1061 236 ξ.
1096 183 1273 225 6-14,
1479 191 1558 229 189

220 301 258 352 §.
298 305 336 341 9.
411 317 488 340 non
523 298 730 339 narrandi.
803 297 940 339 Etiam
976 296 1087 338 Flor.
1117 314 1194 340 non
1222 313 1332 339 narr.
1375 314 1450 338 non
1483 305 1565 340 mi·-

106 367 236 408 rancli.
352 367 401 406 ab
439 366 544 408 aliis.
604 366 748 408 Nescio
778 367 887 406 unde
917 365 995 406 hoo
1030 369 1082 406 sit
1117 368 1162 405 in
1198 375 1333 406 nostra
1362 367 1564 421 editione3

106 437 286 489 reliquae
323 450 460 475 omnes
503 434 552 475 ab
585 434 691 484 illis,
732 448 866 490 neque
904 437 990 474 ulla
1020 433 1137 474 codd.
1177 437 1347 475 varietas
1386 443 1562 477 notatur.

230 505 455 541 existiment
495 519 576 541 csse
611 521 723 544 narr.
791 503 880 543 Hoc
920 504 1059 542 ordine
1088 501 1197 542 Flor.
1233 500 1358 543 Amb.
1394 508 1431 543 1.
1473 505 1565 557 (hic

107 579 311 623 praeterea
343 571 409 610 dat
439 573 691 620 existimant,
730 571 839 626 quod
868 573 1029 624 optabat
1065 569 1231 625 Spald.)
1260 576 1300 611 2.
1361 588 1442 610 esse
1471 589 1568 611 nar—

109 638 275 677 randum
303 641 424 679 exist.
461 637 554 680 Par.
583 644 620 680 1.
648 645 687 680 2.
718 642 757 679 5.
878 655 1019 678 omnes.
1065 637 1203 679 Turio.
1233 638 1344 680 Flor.
1373 638 1502 681 Aan.
1527 646 1567 681 1.

107 704 244 747 Guelf.
291 709 429 746 omnis.
1344 719 1349 720 ⁷

221 775 259 825 §.
294 779 361 814 10.
422 775 670 813 narrationes
697 796 754 803 —-
785 776 1032 815 contineant:
1071 772 1218 815 deinde.
1275 773 1383 816 Flor.
1425 793 1572 816 narr-cz-

110 843 228 881 tionis
271 856 365 881 cum
393 840 518 882 Amb.
552 847 592 882 2.
633 841 725 882 Par.
762 846 802 883 5.
864 845 1111 882 narrationes
1150 843 1242 896 Par,
1275 849 1313 883 1.
1346 849 1386 884 3.
1428 844 1568 897 Sich.3

110 908 235 949 Amb.
272 914 309 949 1.
347 902 501 949 siletur.
562 908 664 949 Mox
689 909 918 964 Spaldingfi
955 912 1182 950 emendatio
1225 920 1284 951 est
1309 915 1355 951 in
1385 912 1493 954 Flor.
1532 914 1574 968 (a

111 992 187 1016 sec.
213 976 313 1031 m.);
355 981 424 1032 qui
454 987 593 1017 tamen
624 980 764 1018 inserit
808 991 877 1018 aut
915 979 1026 1031 (ante
1070 979 1235 1034 deinde).
1301 978 1426 1021 Amb.
1460 987 1498 1022 1.
1530 988 1571 1023 2.

112 1048 302 1098 continet,
335 1045 484 1086 deinde.
547 1049 742 1085 continent
772 1050 896 1086 etiam
926 1047 1016 1088 Par.
1045 1053 1081 1088 1.
1109 1053 1167 1100 3.;
1220 1059 1262 1087 at
1289 1051 1459 1089 inseruit
1486 1053 1574 1103 pri-

110 1129 228 1153 mum
259 1113 372 1154 Sich.
482 1114 652 1170 fatetur.
725 1113 848 1156 Amb.
874 1123 914 1157 2.
949 1114 1084 1157 Guelf.
1104 1115 1293 1172 fateatur
1324 1133 1420 1156 cum
1453 1117 1572 1159 Voss.

115 1188 152 1222 1.
188 1187 226 1222 3.
343 1183 385 1220 in
411 1181 487 1221 hac
518 1199 628 1223 narr.
701 1182 840 1225 Turio.
880 1183 990 1225 Flor.
1023 1201 1045 1224 a
1074 1200 1135 1238 pr.
1175 1201 1231 1224 m.
1263 1187 1303 1224 in
1340 1185 1443 1225 hano
1479 1203 1575 1226 nar·-

111 1252 316 1290 rationem.

225 1319 262 1371 ξ.
298 1323 364 1359 11.
433 1322 719 1361 narrationum.
764 1319 873 1360 Flor.
924 1321 1182 1361 narrationis.
1309 1320 1476 1362 alteram
1513 1340 1577 1363 re-

115 1403 200 1426 rum
232 1410 290 1415 -—
317 1390 618 1441 expositionem.
670 1388 809 1429 Turio.
844 1403 867 1427 a
899 1403 959 1440 pr.
995 1403 1049 1428 m.
1077 1387 1187 1429 Flor.
1216 1404 1239 1427 a
1267 1405 1328 1443 pr.
1360 1405 1417 1431 m.
1458 1388 1573 1433 Alm.

113 1454 280 1494 alteram
333 1471 461 1495 rerum
512 1472 633 1496 causa
680 1467 782 1511 pert.
832 1457 1106 1510 expositione5
1172 1455 1282 1498 Flor.
1333 1473 1357 1498 a
1396 1474 1475 1500 sec.
1516 1476 1574 1502 m.

115 1522 282 1562 alteram
310 1525 352 1562 in
382 1541 414 1564 r.
440 1538 476 1563 ’0.
502 1541 541 1579 p.
565 1542 619 1573 c·.,
650 1527 694 1563 in
717 1539 843 1577 marg.
875 1533 1090 1577 receptam.
1144 1522 1318 1567 Amb.2.
1352 1526 1573 1570 Voss.1.3.

111 1590 237 1631 Bern.
294 1590 366 1631 alt.
398 1594 439 1630 in
468 1609 543 1633 rer.
576 1609 698 1632 causa
729 1611 771 1648 p.
802 1595 1058 1648 exposztione.
1134 1591 1259 1635 Goth.
1289 1594 1409 1636 Voss.
1432 1602 1474 1637 2.
1504 1596 1577 1637 alt.

113 1660 156 1697 in
183 1676 215 1699 r.
237 1658 291 1698 acl
318 1676 480 1699 causam
500 1678 542 1715 p.
575 1664 837 1716 expositione.
909 1658 1045 1701 Guelf.
1080 1659 1223 1716 Camp.
1254 1662 1365 1705 Jens.
1399 1664 1468 1706 alt.
1498 1682 1574 1706 rer.

113 1743 236 1768 causa
263 1745 305 1782 p.
339 1731 599 1782 ompositione.

229 1797 266 1847 §.
309 1801 375 1836 12.
444 1800 638 1837 narratio.
685 1797 823 1839 Turio.
864 1797 972 1838 Flor.
1015 1795 1127 1839 Alm.
1188 1802 1305 1841 ratio.
1440 1814 1580 1843 contra

115 1880 204 1917 arg.
247 1862 316 1904 Sic
352 1863 460 1904 Flor.
500 1863 593 1905 Par.
633 1870 672 1906 3.
704 1870 743 1908 5.
786 1867 888 1909 Obr.
929 1870 1022 1907 fort.
1064 1865 1190 1908 Aan.
1229 1873 1265 1908 1.
1337 1872 1448 1910 circa
1488 1888 1577 1925 arg.

113 1930 207 1971 Par.
237 1936 275 1970 1.
304 1937 345 1971 2.
463 1931 555 1971 aliis
584 1934 733 1987 quibus.
792 1935 855 1975 Ita
881 1935 989 1976 Flor.
1019 1935 1142 1978 Amb.
1167 1943 1205 1978 1.
1227 1944 1268 1978 2.
1296 1934 1388 1979 Par.
1414 1944 1451 1980 1.
1475 1946 1515 1980 2.
1538 1945 1590 1980 3.

115 1997 254 2050 Sich.3
297 1997 467 2053 aliisque
501 2002 682 2052 primum
714 2004 826 2043 dedit
855 2003 990 2044 Coljn.
1059 2006 1109 2044 ab
1144 2008 1194 2044 its
1223 2007 1334 2060 quib.
1374 2006 1513 2048 Tul-ic.
1555 2023 1578 2047 a

115 2082 194 2106 sec.
224 2081 280 2104 m.
349 2067 399 2104 ab
430 2067 490 2104 Izis
523 2066 665 2121 Camp.

232 2134 267 2185 §.
300 2138 366 2173 13.
430 2134 567 2189 Neque
595 2138 707 2176 enim.
769 2137 838 2178 Sic
866 2136 990 2180 Amb.
1014 2145 1051 2180 1.
1075 2147 1115 2181 2.
1144 2139 1278 2182 Flor.*
1372 2142 1448 2182 hoc
1486 2153 1580 2183 tan-

117 2213 212 2241 tum.
273 2199 477 2242 Ordinem
510 2206 720 2244 invertunt
757 2203 895 2247 Turio.
934 2206 1042 2248 Flor.
1083 2206 1205 2248 Amb.
1238 2214 1276 2249 1.
1320 2208 1462 2264 Camp.

123 2269 302 2310 Ulixem.
363 2268 490 2311 Amb.
525 2275 563 2311 1.
594 2270 757 2322 ulixen,
787 2283 834 2314 ut
862 2290 980 2329 saepe
1007 2279 1175 2315 nomina
1200 2292 1344 2330 gmeca
1371 2281 1577 2320 terminat.

117 2337 186 2394 (cf.
222 2353 309 2391 cap.
343 2343 363 2377 1
397 2339 434 2390 §.
469 2339 553 2393 68.)
655 2339 784 2396 facit.
842 2341 980 2383 Etiam
1009 2343 1100 2384 Par.
1135 2350 1172 2384 1.
1220 2344 1378 2402 faciat.
1497 2364 1579 2386 esse

119 2423 146 2446 α
175 2423 215 2445 se
245 2405 297 2445 iel.
356 2405 465 2447 Flor.
496 2422 517 2446 a
537 2424 596 2461 pr.
618 2423 674 2448 m.
707 2426 786 2447 esse
813 2410 880 2462 icZ5
913 2412 1024 2451 idem
1053 2428 1153 2452 mox
1184 2429 1206 2452 a
1225 2429 1286 2467 pr.
1309 2430 1362 2453 m.
1478 2418 1580 2455 inter

121 2490 263 2514 omnes.
324 2472 413 2528 [Ad
444 2485 584 2515 notam
612 2486 767 2529 exeget.
801 2477 1061 2533 Spaldingius
1095 2481 1195 2521 haec
1228 2482 1322 2521 addi
1346 2486 1484 2534 jussit:
1523 2487 1575 2525 cf.

119 2539 206 2582 Cic.
239 2543 288 2582 de
313 2541 472 2584 Invent.
498 2549 536 2595 1,
562 2549 585 2584 8
613 2548 757 2584 citante
778 2544 986 2588 Lobeckio
1016 2550 1066 2588 ad
1095 2548 1221 2603 Soph.
1252 2548 1366 2602 Ajac.
1390 2568 1430 2605 p.
1456 2551 1577 2604 361]

236 2611 271 2662 §.
306 2613 370 2652 14.
431 2611 512 2650 Sed
540 2629 586 2651 ne
616 2612 672 2652 ill.
729 2611 851 2655 Amb.
884 2622 924 2657 2.
957 2628 993 2656 et
1021 2634 1067 2656 ne
1094 2617 1152 2658 ill.
1193 2634 1286 2658 omn
1313 2618 1432 2665 Voss.
1465 2625 1502 2661 1.
1535 2626 1575 2662 3.

120 2675 244 2718 Bern.
360 2680 593 2734 hujusmodi.
653 2680 721 2722 Sic
747 2686 870 2724 etiam
893 2684 1000 2726 Flor.
1030 2683 1153 2729 Amb.
1179 2692 1214 2728 1.
1320 2699 1515 2742 poterunt.
