1757 2979
116 171 214 211 Inst.
237 167 592 221 X11‚2,10-31.
616 174 655 219 3,
668 171 817 207 2—12.
839 169 876 214 5,
892 168 1011 205 1-6,
1036 168 1212 215 6,1-6.
1236 167 1438 215 7‚1-12.
1480 161 1560 201 443

228 286 263 334 §.
297 283 336 322 4.
400 281 565 322 colorem
582 293 744 321 mutare.
787 278 854 319 Sic
884 277 973 318 Par.
1000 282 1037 317 1.
1089 275 1218 316 colore
1236 278 1382 315 mutari
1406 274 1496 315 Par.
1524 280 1562 313 2.

200 349 388 391 accident.
429 348 495 388 Sic
514 349 605 389 Par.
631 355 670 389 2.
720 345 939 387 acciderent
961 345 1050 385 Par.
1075 349 1112 383 1.
1135 348 1172 383 6.

230 419 268 471 ξ.
301 422 339 457 6.
399 406 838 456 contumeliosissimum.
871 412 938 453 Sic
956 411 1100 452 Par.4.
1143 409 1457 451 contumeliosum
1476 407 1565 448 Pur.

125 492 159 526 1.
181 492 221 527 2.
307 495 451 524 votum.
502 483 570 523 Sic
599 483 688 523 Par.
714 488 751 522 1.
773 488 813 523 2.
863 492 994 521 notum
1019 479 1110 520 Par.
1139 484 1178 519 6.
1277 488 1311 516 ct
1341 477 1450 516 hacc.
1500 469 1566 515 S'ic

120 553 209 594 Par.
230 557 293 601 2.‚
331 552 402 591 sed
419 551 510 591 Par.
536 556 573 591 1.
596 555 634 591 6.
658 565 734 590 om.
757 561 804 590 et.

694 673 785 715 CA
820 690 856 714 P.
916 671 1002 714 VI.

233 755 270 806 §.
305 759 342 794 1.
399 750 626 806 pupillares.
672 751 741 792 Sic
758 751 847 792 Par.
873 758 912 793 2.
955 750 1163 806 populares
1187 749 1277 790 Par.
1302 753 1339 789 1.
1360 753 1399 789 6.
1486 746 1574 786 lau-

121 822 285 862 daverit.
326 819 394 860 Sic
422 818 511 860 Par.
536 824 574 859 6.
636 817 812 859 laudavit
841 819 932 859 Par.
962 824 999 858 1.
1025 825 1066 858 2.

235 894 271 943 ξ.
302 894 341 930 2.
402 886 573 927 Dudum
601 889 684 939 ipse
715 886 1008 935 Buttmannus,
1040 884 1119 925 Vir
1137 887 1408 935 acutissimus,
1453 884 1575 922 intel-

122 960 244 1005 lexit,
286 971 432 995 errasse
460 970 558 995 sese.
617 954 761 1009 Neque
790 957 900 994 enim
932 956 1171 994 sententiam
1204 954 1355 992 absolvi
1385 952 1574 1004 oppositis

124 1027 279 1066 duobus
306 1025 420 1078 quasi
438 1025 627 1062 membris
649 1038 720 1076 per
741 1025 954 1076 particulas
974 1039 1091 1076 neque
1108 1045 1164 1051 -
1183 1031 1218 1059 et
1233 1052 1243 1071 ,
1285 1033 1457 1074 quorum
1474 1020 1578 1057 alte-

124 1108 215 1133 rum
245 1107 420 1145 negans,
462 1093 634 1130 alterum
665 1093 770 1142 ajens
807 1106 889 1130 esse
919 1091 1102 1137 deberet,
1146 1089 1215 1128 sed
1241 1090 1454 1128 verborum
1481 1099 1580 1125 con-

127 1163 388 1200 structionem
417 1161 649 1198 interventu
672 1161 769 1198 novi
800 1160 1000 1197 enuntiati
1030 1158 1291 1209 interrumpi,
1347 1164 1387 1194 et
1412 1156 1579 1208 paulum

129 1231 299 1279 mutari,
339 1242 434 1267 cum
454 1230 510 1266 sic
531 1227 805 1267 continuanda
823 1235 946 1266 esset:
979 1243 1097 1280 neque
1116 1241 1248 1263 rursus
1270 1223 1482 1278 differ-amr
1502 1230 1579 1260 cet.

128 1295 270 1350 ltaque
301 1297 521 1348 particulae
558 1311 675 1348 neque
703 1319 760 1325 —-
790 1305 823 1333 et
863 1295 1041 1346 ejusdem
1080 1295 1253 1332 membri
1291 1301 1329 1330 et
1359 1292 1581 1330 sententiae

128 1366 310 1417 negantis
329 1372 445 1411 sunt,
484 1378 611 1418 eaque
635 1366 820 1417 negatio,
851 1377 945 1402 cum
967 1365 1063 1401 insit
1079 1364 1124 1400 in
1143 1362 1213 1399 illo
1237 1375 1376 1414 neque,
1409 1360 1582 1411 pertinet

130 1435 252 1473 etiam
273 1432 322 1470 ad
340 1434 555 1485 insequens
577 1429 646 1481 et.]

241 1500 279 1552 §.
311 1505 350 1540 3.
410 1515 494 1553 spes
514 1509 581 1539 cst.
625 1496 692 1538 Sic
712 1497 802 1538 Par.
827 1502 864 1538 1.
879 1527 890 1547 ,
939 1497 1009 1538 sed
1026 1494 1119 1537 Par.
1142 1502 1181 1537 2.
1204 1499 1243 1536 6.
1268 1511 1348 1535 om.
1371 1505 1442 1535 est.

226 1571 281 1621 §.
303 1567 352 1607 ⁴4.
373 1588 375 1591 ·
412 1565 636 1623 defervisse.
678 1565 746 1606 Sic
770 1565 861 1606 Par.
889 1570 927 1606 1.
949 1571 988 1605 2.
1011 1570 1051 1605 6.
1332 1599 1336 1604 .

246 1637 283 1688 ξ.
316 1639 354 1674 6.
415 1636 533 1689 incip.
557 1650 582 1673 a
603 1650 732 1688 quam.
771 1633 862 1674 Par.
886 1638 924 1673 1.
949 1639 989 1673 2.
1013 1637 1053 1672 6.
1076 1634 1267 1672 omittunt
1287 1649 1323 1672 α,
1361 1629 1438 1683 [De
1459 1633 1586 1670 inter-

134 1707 354 1759 pretatione
372 1705 512 1756 partic.
535 1704 714 1741 nitentem
745 1703 796 1742 cf.
814 1700 967 1741 Buttm.
987 1703 1030 1739 in
1048 1702 1174 1755 praef.
1200 1699 1299 1741 Vol.
1312 1698 1378 1741 IV
1396 1698 1587 1754 p.XVI.]

687 1824 724 1867 c
756 1840 783 1866 A
815 1842 852 1866 P.
921 1798 1036 1866 vu.

252 1907 290 1956 §.
326 1910 362 1944 1.
421 1903 553 1945 malet.
602 1903 669 1944 Sic
700 1904 792 1947 Par.
828 1910 866 1946 1.
900 1911 938 1946 2.
1034 1905 1292 1944 accusatoris.
1341 1902 1409 1944 Sic
1435 1903 1523 1944 Par.
1548 1909 1588 1944 2.

142 1975 408 2016 accusationis
434 1973 524 2012 Par.
553 1977 590 2011 1.
614 1977 654 2011 6.

255 2044 290 2096 §.
323 2042 363 2082 4.
425 2040 561 2094 Neque
594 2038 774 2096 defendet
803 2055 944 2080 omncs,
993 2038 1084 2080 Par.
1113 2045 1151 2080 1.
1171 2046 1211 2081 2.
1235 2045 1271 2080 6.
1300 2039 1481 2096 Namque
1510 2040 1590 2099 def

143 2128 280 2152 onanS.

256 2179 292 2230 ξ.
326 2182 364 2219 5.
426 2177 535 2216 bona.
555 2191 635 2215 om.
656 2175 746 2216 Par.
761 2180 798 2216 1.
812 2182 851 2216 2.
930 2175 1020 2215 hab.
1040 2190 1077 2215 v.
1101 2176 1233 2215 bonus.
1265 2174 1333 2216 Sic
1344 2177 1434 2217 Par.
1451 2182 1487 2218 1.
1502 2184 1540 2218 2.
1554 2182 1592 2218 6.

261 2248 298 2297 §.
333 2251 373 2285 6.
432 2243 739 2299 disceptandum.
780 2243 848 2284 Sic
877 2242 968 2285 Par.
993 2250 1032 2284 2.
1061 2260 1139 2284 sec.
1160 2260 1215 2284 m.
1268 2244 1473 2284 dicendum
1502 2245 1592 2286 Par.

149 2323 186 2357 2.
235 2312 460 2354 discendum
479 2312 570 2352 I‘ar.
597 2316 635 2351 1.
661 2316 699 2351 6.
1349 2312 1351 2315 ’

261 2384 297 2434 §.
330 2387 368 2423 9.
431 2383 611 2420 omnium.
658 2379 725 2420 Sic
746 2378 837 2420 Par.
858 2386 897 2420 2.
950 2396 1077 2420 omncs
1097 2380 1188 2422 Par.
1211 2386 1248 2421 1.
1270 2386 1309 2421 6.

263 2453 299 2502 §.
335 2455 401 2490 11.
462 2448 612 2503 quodsi.
665 2447 756 2487 Par.
788 2454 828 2488 2.
863 2448 956 2502 quicl
972 2451 1019 2489 si.

266 2520 304 2570 ξ.
337 2523 401 2559 12.
461 2519 575 2556 sciat.
623 2516 711 2556 Par.
739 2521 775 2556 1.
802 2523 840 2557 2.
864 2521 902 2556 6.
931 2519 1040 2557 sciet.
1123 2517 1215 2557 Non
1246 2520 1343 2557 enim
1361 2543 1417 2551 —-—
1435 2529 1596 2573 oporiet.

156 2590 338 2642 Denique.
376 2586 466 2626 Par.
495 2590 530 2624 1.
551 2589 589 2623 6.
615 2601 689 2624 non
708 2586 800 2639 quiet
818 2600 856 2624 υ.
885 2584 922 2624 k.
945 2585 977 2623 b.
996 2603 1034 2626 η.
1059 2602 1120 2639 op.
1141 2603 1182 2639 p.
1214 2586 1402 2642 Denique.
1443 2587 1535 2629 Par.
1556 2593 1595 2628 2.

156 2672 234 2696 sec.
255 2670 310 2694 m.
332 2657 425 2710 quia
448 2670 514 2693 nec
535 2669 572 2693 v.
595 2653 634 2692 Ῐι.
658 2654 693 2693 b.
718 2663 864 2707 oporte!
886 2669 952 2693 ncc
972 2656 1112 2707 perire.
1158 2654 1343 2710 Denique.
