1721 2974
408 203 463 245 acl
492 202 659 258 Quintil.
688 202 819 244 Instit.
849 201 895 252 Ῑ,
935 206 974 245 6.
1015 200 1054 254 §.
1089 205 1286 246 15—25.
1519 203 1573 244 45

122 318 237 357 illam
274 319 512 372 scripturam
550 320 757 358 restituere
796 326 931 372 potes,
982 317 1103 357 modo
1142 315 1378 356 emendatius
1416 315 1575 357 caldum

122 401 243 439 quam
263 385 456 437 calidum,
486 389 722 440 permutatis
752 387 934 437 sedibus,
964 384 1158 436 scribas]
1275 387 1369 439 quia
1397 384 1439 423 id
1470 385 1572 426 Obr.

122 452 202 506 (ex
230 451 355 507 Arg.‚
397 453 535 507 opi-n.)
567 453 705 495 Turio.
734 452 845 494 Alm.
879 453 1019 507 Camp.
1052 455 1143 493 fort.
1174 450 1298 494 Amb.
1323 457 1360 493 1.
1473 452 1574 491 illud

120 534 202 559 om.
244 519 378 561 Guelf.
417 521 532 562 Sich.
648 533 691 561 ut
728 533 763 561 et
802 525 884 577 ipse
920 521 1057 562 Turic.
1117 523 1211 576 [De
1244 528 1436 575 potestate
1466 522 1573 560 vocis

118 587 278 627 odiosus
305 591 358 629 cf.
390 587 568 640 Quintil.
599 592 733 643 ipsum
760 588 793 642 I,
818 595 857 642 6,
879 590 933 630 40
963 592 1029 629 cit.
1062 587 1184 629 Gesn.
1212 591 1312 628 item
1338 586 1416 639 VI,
1441 593 1479 639 1,
1499 586 1570 638 2.]

231 658 263 710 35.
295 661 364 697 20.
423 657 558 711 Atque
586 658 688 697 hanc
718 657 857 711 Camp.
890 657 1001 698 Sich.
1060 657 1196 711 Atque
1217 659 1259 695 in
1283 656 1359 695 hac
1386 653 1509 694 Amb.
1533 660 1571 695 1.

117 737 142 763 a
180 739 258 763 sec.
299 739 356 764 m.
396 735 514 779 atque
542 727 584 764 in
611 725 713 764 hanc
750 724 858 765 Flor.
892 724 1029 765 Turio.
1063 724 1133 779 (in
1162 725 1240 764 hoc
1270 724 1419 763 delevit
1447 725 1488 761 in
1517 725 1570 762 al.

115 790 256 844 man.)
373 802 481 831 recta
511 791 669 831 locutio.
731 803 839 831 certa
865 791 940 832 loc.
975 791 1111 832 Turio.
1155 789 1267 846 (non
1295 790 1485 841 elocutio,
1527 799 1574 829 ut

117 862 172 898 ait
202 857 372 912 Spald.)
411 858 521 899 Flor.
562 858 681 898 Bodl.
723 858 870 900 Joann.
909 859 1056 900 Baliol.
1095 857 1205 899 Alm.
1238 858 1357 900 Voss.
1381 864 1417 898 1.
1446 857 1571 899 Bern.

116 925 305 980 Florileg.
339 926 508 967 Sauten.
540 926 664 967 l’aris.
689 932 727 967 1.
762 926 901 981 Camp.
933 937 973 967 et
996 928 1087 968 edd.
1113 942 1250 967 omnes
1270 936 1362 966 ante
1383 924 1569 981 Gryph.;

115 997 285 1035 silentur
313 993 436 1035 Amb.
464 1001 502 1035 1.
523 1000 588 1043 2.,
621 1011 642 1034 e
674 998 819 1049 quibus
848 998 1109 1049 posteriorem
1140 1006 1248 1036 certa
1276 996 1370 1035 dare
1399 996 1570 1036 confido.

118 1074 227 1102 recta
271 1067 315 1102 in
363 1062 489 1104 Paris.
528 1069 568 1104 2.
611 1079 694 1103 esse
733 1062 898 1104 Pottier.
946 1065 1090 1104 diserte
1128 1065 1262 1104 tradit.
1377 1062 1572 1117 obrogata

117 1129 254 1172 Turio.
285 1131 393 1171 Flor.
424 1129 536 1172 Alm.
571 1133 708 1172 Guelf.
827 1132 1029 1187 cujusdam
1057 1131 1172 1172 insol.
1204 1131 1312 1172 Flor.

230 1204 266 1252 ξ..
299 1205 368 1240 21.
428 1199 636 1249 salutar-it,
686 1209 734 1239 ut
773 1198 901 1251 Obr.‚
953 1203 1074 1240 etiam
1115 1200 1252 1241 Turio.
1285 1201 1392 1243 Flor.
1427 1202 1569 1257 Camp.

115 1270 207 1308 fort.
238 1265 363 1307 Amb.
386 1272 423 1308 1.
456 1284 478 1307 e
503 1267 626 1308 Paris.
657 1267 823 1308 Pottier.
855 1268 963 1307 nihil
991 1272 1069 1308 nisi
1094 1268 1283 1308 salutavit
1307 1274 1449 1310 esseiu
1468 1277 1505 1312 1.
1526 1277 1567 1313 2.

113 1338 282 1375 notavit.
400 1352 513 1374 avere
530 1347 586 1375 est
605 1339 702 1375 enim
716 1353 730 1388 ‚-
761 1339 816 1376 sic
840 1339 963 1375 etiam
985 1335 1087 1377 Obr.
1110 1335 1250 1390 Camp.
1279 1336 1371 1378 Par.
1396 1345 1434 1379 2.
1460 1344 1498 1379 3.
1527 1345 1566 1382 6.

112 1401 236 1443 Amb.
258 1408 298 1443 2.
329 1405 422 1443 fort.
455 1401 577 1443 Amb.
604 1409 640 1444 1.
675 1419 757 1443 acc.
786 1403 922 1460 Flor.:
967 1419 1081 1442 avere
1109 1406 1221 1444 enim.
1283 1418 1392 1445 avete
1414 1406 1506 1449 Par.
1529 1414 1567 1450 1.

226 1472 265 1522 §.
295 1476 363 1511 22.
421 1473 616 1524 magistra
645 1475 768 1511 etiam
795 1469 919 1512 Amb.
945 1478 983 1511 2.
1042 1474 1230 1525 magistri
1260 1474 1358 1528 (qui
1384 1477 1473 1515 fons
1504 1494 1570 1517 er-

110 1543 209 1580 roris
249 1554 330 1578 esse
369 1538 552 1594 videtur)
591 1539 728 1581 Turio.
767 1538 880 1582 Alm.
921 1543 1030 1580 Flor.
1073 1539 1165 1594 (hic
1209 1543 1253 1579 in
1286 1556 1414 1595 marg.
1445 1544 1571 1586 habet

110 1604 355 1661 receptam).
384 1605 506 1646 Amb.
535 1612 571 1648 1.
602 1611 754 1649 siletur.
870 1620 906 1647 et
930 1611 1086 1663 primas
1127 1607 1266 1649 Turic.
1383 1627 1460 1650 non
1490 1617 1571 1652 mi-

110 1693 225 1715 nnere
252 1673 353 1715 Obr.
384 1674 463 1728 (ex
492 1672 660 1728 Argent.
692 1676 814 1733 fort.)
856 1676 993 1717 Turic.
1025 1674 1137 1716 Alm.
1168 1676 1275 1717 Flor.
1311 1677 1453 1733 Camp.

109 1762 136 1785 α
165 1746 323 1784 summis
361 1741 527 1797 Camp.3
577 1755 781 1799 receptam
823 1746 1038 1786 defendere
1076 1747 1266 1784 censendi
1304 1756 1399 1787 sunt
1428 1747 1566 1790 Turio.

106 1813 214 1855 Flor.
247 1809 369 1852 Amb.
406 1816 442 1851 1.
460 1843 470 1863 ‚
522 1815 593 1867 qui
620 1816 811 1863 silentur,
865 1823 904 1853 et
934 1814 1070 1853 djserti
1100 1823 1280 1853 auctores
1309 1817 1413 1856 fiunt
1439 1816 1566 1860 Paris.

108 1887 148 1922 3.
170 1885 233 1931 5.,
274 1895 366 1919 cum
394 1881 438 1918 in
470 1884 508 1921 1.
542 1886 583 1921 2.
618 1886 657 1922 6.
695 1885 746 1922 sit
774 1884 815 1920 in
842 1885 1018 1921 summis.
1136 1882 1376 1924 auctoribus.
1437 1884 1568 1926 ducti-

106 1951 175 1988 bus
204 1947 343 1987 Turio.
373 1946 484 1987 Flor.
514 1946 638 1996 Amb.
660 1955 697 1989 1.
759 1949 985 1989 ductoribus
1012 1947 1123 1988 Alm.
1241 1949 1399 1990 literam
1417 1954 1457 1991 in
1475 1970 1564 2007 gen.

162 2015 383 2055 litterarum
400 2032 488 2067 gen.
512 2015 650 2056 Turic.
673 2032 696 2056 a
713 2033 774 2070 pr.
797 2032 854 2057 m.
876 2014 998 2056 Amb.
1023 2023 1063 2058 2.
1124 2015 1296 2057 litteram
1314 2036 1403 2072 gen.
1424 2019 1563 2064 Turic.

107 2101 130 2124 a
158 2099 214 2123 m.
245 2097 323 2122 sec.
366 2080 477 2121 Flor.
517 2080 668 2123 Almel.
704 2083 821 2124 Voss.
845 2089 883 2124 3.
1001 2087 1118 2124 etiam
1146 2088 1256 2138 jecur
1296 2088 1388 2128 edd.
1417 2090 1513 2128 iude
1541 2105 1565 2130 a

105 2151 217 2193 Sich.
272 2152 350 2204 jec.
382 2158 431 2188 et.
463 2147 600 2190 Tmic.
631 2149 741 2191 Flor.
770 2147 914 2205 Camp.
946 2161 986 2192 et
1007 2153 1095 2192 edd.
1119 2155 1387 2208 insequentes.
1447 2161 1565 2199 etiam

105 2237 187 2262 om.
228 2216 352 2258 Amb.
388 2221 426 2257 1.
546 2222 878 2271 controversiam3
926 2223 983 2259 ita
1021 2222 1141 2260 etiam
1181 2217 1324 2277 Camp.
1365 2234 1406 2265 et
1443 2227 1560 2268 codd.

104 2288 217 2330 haud
247 2287 398 2337 dubie,
439 2288 510 2340 qui
539 2301 624 2326 non
653 2296 939 2326 memorantur.

219 2357 256 2407 §.
288 2359 356 2395 23.
418 2369 467 2393 ac
498 2354 650 2393 roboris
676 2351 799 2395 Amb.
831 2359 869 2395 1.

217 2427 254 2477 §.
286 2426 353 2464 25.
415 2421 514 2476 quid
552 2438 644 2462 vero
683 2422 828 2462 similes
870 2422 975 2478 quod
1012 2434 1055 2463 ut
1084 2427 1206 2466 etiam
1226 2424 1349 2469 Amb.
1375 2435 1416 2471 2.
1446 2429 1558 2474 Flor.

103 2492 242 2534 Turio.
309 2490 406 2546 quicl
442 2506 533 2530 vcro
572 2492 659 2531 sim.
702 2491 855 2546 quidem
895 2503 937 2531 ut
974 2489 1115 2547 Camp.
1184 2492 1309 2546 Quod
1345 2495 1556 2553 Spalding.

104 2563 288 2614 optabat,
319 2561 400 2611 jam
421 2567 595 2612 praestat
621 2556 744 2600 Amb.
768 2564 831 2601 1.:
876 2559 975 2614 quid
1005 2577 1096 2601 vero
1128 2562 1232 2618 quod
1263 2575 1304 2603 ut
1334 2565 1560 2608 dicebamus

103 2629 187 2684 (sic
208 2630 344 2668 nullus
365 2636 569 2682 praeterea
599 2626 716 2682 cod.)
748 2630 834 2667 sim.
863 2645 949 2683 pos,
1058 2629 1236 2686 Juppiier
1266 2631 1388 2674 Goth.
1418 2634 1527 2675 Jens.

215 2700 252 2750 §.
283 2700 351 2738 26.
408 2695 619 2751 praedura.
677 2695 797 2751 plura
825 2695 962 2738 Turio.
1003 2713 1027 2739 a
1055 2714 1110 2740 m.
1144 2714 1222 2742 sec.
1253 2699 1373 2742 Bodl.
1403 2701 1552 2744 Baliol.
