<?xml version="1.0" encoding="UTF-8"?>
<!DOCTYPE html PUBLIC "-//W3C//DTD XHTML 1.0 Transitional//EN"
    "http://www.w3.org/TR/xhtml1/DTD/xhtml1-transitional.dtd">
<html xmlns="http://www.w3.org/1999/xhtml" xml:lang="en" lang="en">
 <head>
  <title>
</title>
<meta http-equiv="Content-Type" content="text/html;charset=utf-8" />
  <meta name='ocr-system' content='tesseract 3.04.00' />
  <meta name='ocr-capabilities' content='ocr_page ocr_carea ocr_par ocr_line ocrx_word'/>
</head>
<body>
  <div class='ocr_page' id='page_1' title='image "./deinstitutioneor05quinuoft_0462.png"; bbox 0 0 1757 2979; ppageno 0'>
   <div class='ocr_carea' id='block_1_1' title="bbox 210 151 1207 208">
    <p class='ocr_par' dir='ltr' id='par_1_1' title="bbox 210 151 1207 208">
     <span class='ocr_line' id='line_1_1' title="bbox 210 151 1207 208; baseline -0.002 -17"><span class='ocrx_word' id='word_1_1' title='bbox 210 153 291 192; x_wconf 81' lang='lat'><strong>430</strong></span> <span class='ocrx_word' id='word_1_2' title='bbox 639 151 911 208; x_wconf 79' lang='lat' dir='ltr'><strong>Supplemenia</strong></span> <span class='ocrx_word' id='word_1_3' title='bbox 948 153 1207 191; x_wconf 77' lang='lat' dir='ltr'><strong><em>annotationis</em></strong></span> 
     </span>
    </p>
   </div>
   <div class='ocr_carea' id='block_1_2' title="bbox 190 261 1679 2666">
    <p class='ocr_par' dir='ltr' id='par_1_2' title="bbox 321 261 1573 319">
     <span class='ocr_line' id='line_1_2' title="bbox 321 261 1573 319; baseline -0.002 -14"><span class='ocrx_word' id='word_1_4' title='bbox 321 265 359 315; x_wconf 84' lang='lat'><strong>§.</strong></span> <span class='ocrx_word' id='word_1_5' title='bbox 390 267 458 305; x_wconf 76' lang='lat'><strong>45,</strong></span> <span class='ocrx_word' id='word_1_6' title='bbox 514 275 671 319; x_wconf 82' lang='lat' dir='ltr'><strong>quanto.</strong></span> <span class='ocrx_word' id='word_1_7' title='bbox 721 264 789 305; x_wconf 85' lang='lat' dir='ltr'><strong>Sic</strong></span> <span class='ocrx_word' id='word_1_8' title='bbox 816 261 907 303; x_wconf 82' lang='lat' dir='ltr'><strong>Par.</strong></span> <span class='ocrx_word' id='word_1_9' title='bbox 930 269 971 303; x_wconf 82' lang='lat'><strong>2.</strong></span> <span class='ocrx_word' id='word_1_10' title='bbox 992 278 1070 304; x_wconf 87' lang='lat' dir='ltr'><strong>sec.</strong></span> <span class='ocrx_word' id='word_1_11' title='bbox 1090 277 1145 302; x_wconf 88' lang='lat' dir='ltr'><strong>m.</strong></span> <span class='ocrx_word' id='word_1_12' title='bbox 1168 267 1206 303; x_wconf 88' lang='grc'><strong>6.</strong></span> <span class='ocrx_word' id='word_1_13' title='bbox 1253 265 1346 319; x_wconf 79' lang='lat' dir='ltr'><strong>quin</strong></span> <span class='ocrx_word' id='word_1_14' title='bbox 1367 261 1456 304; x_wconf 85' lang='lat' dir='ltr'><strong>Par.</strong></span> <span class='ocrx_word' id='word_1_15' title='bbox 1475 267 1514 304; x_wconf 88' lang='lat'><strong>1.</strong></span> <span class='ocrx_word' id='word_1_16' title='bbox 1534 269 1573 303; x_wconf 84' lang='lat'><strong>2.</strong></span> 
     </span>
    </p>

    <p class='ocr_par' dir='ltr' id='par_1_3' title="bbox 208 329 1638 782">
     <span class='ocr_line' id='line_1_3' title="bbox 319 329 1632 385; baseline -0.002 -13"><span class='ocrx_word' id='word_1_17' title='bbox 319 333 357 384; x_wconf 64' lang='grc' dir='ltr'><strong>ξ.</strong></span> <span class='ocrx_word' id='word_1_18' title='bbox 390 334 456 373; x_wconf 86' lang='grc'><strong>54.</strong></span> <span class='ocrx_word' id='word_1_19' title='bbox 514 331 636 385; x_wconf 76' lang='lat' dir='ltr'><strong><em>[uncle</em></strong></span> <span class='ocrx_word' id='word_1_20' title='bbox 674 347 713 370; x_wconf 82' lang='lat' dir='ltr'><strong>se</strong></span> <span class='ocrx_word' id='word_1_21' title='bbox 750 333 790 369; x_wconf 84' lang='lat' dir='ltr'><strong>in</strong></span> <span class='ocrx_word' id='word_1_22' title='bbox 828 330 993 369; x_wconf 76' lang='lat' dir='ltr'><strong>medium</strong></span> <span class='ocrx_word' id='word_1_23' title='bbox 1018 353 1073 361; x_wconf 90' lang='lat'><strong>-—</strong></span> <span class='ocrx_word' id='word_1_24' title='bbox 1102 333 1263 370; x_wconf 78' lang='lat' dir='ltr'><strong>miserit.</strong></span> <span class='ocrx_word' id='word_1_25' title='bbox 1329 329 1525 371; x_wconf 81' lang='lat' dir='ltr'><strong>Offendor</strong></span> <span class='ocrx_word' id='word_1_26' title='bbox 1557 329 1632 369; x_wconf 83' lang='lat' dir='ltr'><strong>hac</strong></span> 
     </span>
     <span class='ocr_line' id='line_1_4' title="bbox 210 395 1634 451; baseline -0.001 -13"><span class='ocrx_word' id='word_1_27' title='bbox 210 399 368 438; x_wconf 81' lang='lat' dir='ltr'><strong>dicendi</strong></span> <span class='ocrx_word' id='word_1_28' title='bbox 400 403 573 449; x_wconf 81' lang='lat' dir='ltr'><strong>ratione,</strong></span> <span class='ocrx_word' id='word_1_29' title='bbox 617 414 656 436; x_wconf 82' lang='lat' dir='ltr'><strong>se</strong></span> <span class='ocrx_word' id='word_1_30' title='bbox 681 401 720 436; x_wconf 86' lang='lat' dir='ltr'><strong>in</strong></span> <span class='ocrx_word' id='word_1_31' title='bbox 738 397 903 436; x_wconf 77' lang='lat' dir='ltr'><strong>medium</strong></span> <span class='ocrx_word' id='word_1_32' title='bbox 929 400 1099 447; x_wconf 80' lang='lat' dir='ltr'><strong>mittere,</strong></span> <span class='ocrx_word' id='word_1_33' title='bbox 1137 412 1258 451; x_wconf 84' lang='lat' dir='ltr'><strong>quam</strong></span> <span class='ocrx_word' id='word_1_34' title='bbox 1279 395 1531 450; x_wconf 72' lang='lat' dir='ltr'><strong>Spaldingius</strong></span> <span class='ocrx_word' id='word_1_35' title='bbox 1550 411 1634 436; x_wconf 86' lang='lat' dir='ltr'><strong>nou</strong></span> 
     </span>
     <span class='ocr_line' id='line_1_5' title="bbox 210 466 1638 519; baseline -0.001 -14"><span class='ocrx_word' id='word_1_36' title='bbox 210 469 405 519; x_wconf 83' lang='lat' dir='ltr'><strong>explicat,</strong></span> <span class='ocrx_word' id='word_1_37' title='bbox 443 466 634 505; x_wconf 58' lang='lat' dir='ltr'><strong>U&#39;olsfius</strong></span> <span class='ocrx_word' id='word_1_38' title='bbox 665 468 719 503; x_wconf 86' lang='lat' dir='ltr'><strong>ait</strong></span> <span class='ocrx_word' id='word_1_39' title='bbox 746 480 826 504; x_wconf 85' lang='lat' dir='ltr'><strong>esse</strong></span> <span class='ocrx_word' id='word_1_40' title='bbox 853 479 893 503; x_wconf 87' lang='lat' dir='ltr'><strong>se</strong></span> <span class='ocrx_word' id='word_1_41' title='bbox 923 467 967 502; x_wconf 85' lang='lat' dir='ltr'><strong>&#39;m</strong></span> <span class='ocrx_word' id='word_1_42' title='bbox 1003 467 1154 503; x_wconf 80' lang='lat' dir='ltr'><strong>animos</strong></span> <span class='ocrx_word' id='word_1_43' title='bbox 1177 466 1400 504; x_wconf 83' lang='lat' dir='ltr'><strong>auditorum</strong></span> <span class='ocrx_word' id='word_1_44' title='bbox 1418 467 1638 504; x_wconf 18' lang='lat' dir='ltr'><strong>insinuare..</strong></span> 
     </span>
     <span class='ocr_line' id='line_1_6' title="bbox 208 533 1635 586; baseline -0.002 -14"><span class='ocrx_word' id='word_1_45' title='bbox 208 533 270 573; x_wconf 82' lang='lat' dir='ltr'><strong>At</strong></span> <span class='ocrx_word' id='word_1_46' title='bbox 295 534 602 572; x_wconf 76' lang='lat' dir='ltr'><strong>vehementioris</strong></span> <span class='ocrx_word' id='word_1_47' title='bbox 634 533 794 570; x_wconf 75' lang='lat' dir='ltr'><strong>aflectus</strong></span> <span class='ocrx_word' id='word_1_48' title='bbox 823 539 881 571; x_wconf 88' lang='lat' dir='ltr'><strong>est</strong></span> <span class='ocrx_word' id='word_1_49' title='bbox 910 547 949 570; x_wconf 82' lang='lat' dir='ltr'><strong>sc</strong></span> <span class='ocrx_word' id='word_1_50' title='bbox 977 534 1148 582; x_wconf 82' lang='lat' dir='ltr'><strong>mittere,</strong></span> <span class='ocrx_word' id='word_1_51' title='bbox 1188 547 1317 586; x_wconf 85' lang='lat' dir='ltr'>neque</span> <span class='ocrx_word' id='word_1_52' title='bbox 1340 547 1438 584; x_wconf 89' lang='lat' dir='ltr'><strong>opus</strong></span> <span class='ocrx_word' id='word_1_53' title='bbox 1459 539 1516 570; x_wconf 87' lang='lat' dir='ltr'><strong>est</strong></span> <span class='ocrx_word' id='word_1_54' title='bbox 1532 539 1578 569; x_wconf 88' lang='lat' dir='ltr'><strong>ut</strong></span> <span class='ocrx_word' id='word_1_55' title='bbox 1593 545 1635 570; x_wconf 74' lang='lat' dir='ltr'><strong>se</strong></span> 
     </span>
     <span class='ocr_line' id='line_1_7' title="bbox 208 597 1638 651; baseline -0.003 -12"><span class='ocrx_word' id='word_1_56' title='bbox 208 604 403 647; x_wconf 83' lang='lat' dir='ltr'><strong>insinuet,</strong></span> <span class='ocrx_word' id='word_1_57' title='bbox 437 614 529 638; x_wconf 85' lang='lat' dir='ltr'><strong>cum</strong></span> <span class='ocrx_word' id='word_1_58' title='bbox 554 599 781 636; x_wconf 82' lang='lat' dir='ltr'><strong>auditorum</strong></span> <span class='ocrx_word' id='word_1_59' title='bbox 800 601 950 637; x_wconf 85' lang='lat' dir='ltr'><strong>animos</strong></span> <span class='ocrx_word' id='word_1_60' title='bbox 970 607 1122 651; x_wconf 81' lang='lat' dir='ltr'><strong>paratos</strong></span> <span class='ocrx_word' id='word_1_61' title='bbox 1140 599 1297 639; x_wconf 80' lang='lat' dir='ltr'><strong>habeat.</strong></span> <span class='ocrx_word' id='word_1_62' title='bbox 1354 597 1497 638; x_wconf 80' lang='lat' dir='ltr'>Malim</span> <span class='ocrx_word' id='word_1_63' title='bbox 1515 599 1638 649; x_wconf 86' lang='lat' dir='ltr'><strong>igitur</strong></span> 
     </span>
     <span class='ocr_line' id='line_1_8' title="bbox 210 666 1638 722; baseline -0.003 -16"><span class='ocrx_word' id='word_1_64' title='bbox 210 670 248 706; x_wconf 85' lang='lat' dir='ltr'><strong>in</strong></span> <span class='ocrx_word' id='word_1_65' title='bbox 271 667 396 705; x_wconf 78' lang='lat' dir='ltr'><strong>odium</strong></span> <span class='ocrx_word' id='word_1_66' title='bbox 410 695 420 712; x_wconf 92' lang='lat'><em>,</em></span> <span class='ocrx_word' id='word_1_67' title='bbox 451 674 495 703; x_wconf 80' lang='lat' dir='ltr'><strong>ut</strong></span> <span class='ocrx_word' id='word_1_68' title='bbox 514 668 587 704; x_wconf 86' lang='lat' dir='ltr'><strong>sit:</strong></span> <span class='ocrx_word' id='word_1_69' title='bbox 627 667 787 719; x_wconf 83' lang='lat' dir='ltr'><strong>quando</strong></span> <span class='ocrx_word' id='word_1_70' title='bbox 807 667 968 705; x_wconf 83' lang='lat' dir='ltr'><strong>tandem</strong></span> <span class='ocrx_word' id='word_1_71' title='bbox 988 667 1112 705; x_wconf 83' lang='lat' dir='ltr'><strong>odisse</strong></span> <span class='ocrx_word' id='word_1_72' title='bbox 1131 669 1318 719; x_wconf 83' lang='lat' dir='ltr'>incipiet,</span> <span class='ocrx_word' id='word_1_73' title='bbox 1357 666 1516 722; x_wconf 85' lang='lat' dir='ltr'><strong>quando</strong></span> <span class='ocrx_word' id='word_1_74' title='bbox 1533 679 1574 704; x_wconf 88' lang='lat' dir='ltr'><strong>se</strong></span> <span class='ocrx_word' id='word_1_75' title='bbox 1593 666 1638 702; x_wconf 86' lang='lat' dir='ltr'><strong>in</strong></span> 
     </span>
     <span class='ocr_line' id='line_1_9' title="bbox 211 730 642 782; baseline -0.005 -9"><span class='ocrx_word' id='word_1_76' title='bbox 211 734 349 774; x_wconf 89' lang='lat' dir='ltr'><strong>odium</strong></span> <span class='ocrx_word' id='word_1_77' title='bbox 373 732 577 770; x_wconf 85' lang='lat' dir='ltr'><strong>effundere</strong></span> <span class='ocrx_word' id='word_1_78' title='bbox 592 730 642 782; x_wconf 69' lang='grc' dir='ltr'><strong>Ρ]</strong></span> 
     </span>
    </p>

    <p class='ocr_par' dir='ltr' id='par_1_4' title="bbox 321 798 1556 851">
     <span class='ocr_line' id='line_1_10' title="bbox 321 798 1556 851; baseline -0.001 -14"><span class='ocrx_word' id='word_1_79' title='bbox 321 801 358 851; x_wconf 84' lang='lat'><strong>§.</strong></span> <span class='ocrx_word' id='word_1_80' title='bbox 392 803 456 838; x_wconf 82' lang='lat'><strong>56.</strong></span> <span class='ocrx_word' id='word_1_81' title='bbox 516 814 600 837; x_wconf 85' lang='lat' dir='ltr'><strong>cum</strong></span> <span class='ocrx_word' id='word_1_82' title='bbox 615 801 694 851; x_wconf 74' lang='lat' dir='ltr'><strong>jas.</strong></span> <span class='ocrx_word' id='word_1_83' title='bbox 736 798 803 839; x_wconf 82' lang='lat' dir='ltr'><strong>Sic</strong></span> <span class='ocrx_word' id='word_1_84' title='bbox 825 799 914 839; x_wconf 81' lang='lat' dir='ltr'><strong>Par.</strong></span> <span class='ocrx_word' id='word_1_85' title='bbox 937 805 976 839; x_wconf 88' lang='lat'><strong>2.</strong></span> <span class='ocrx_word' id='word_1_86' title='bbox 994 814 1070 839; x_wconf 87' lang='lat' dir='ltr'><strong>seo.</strong></span> <span class='ocrx_word' id='word_1_87' title='bbox 1092 814 1149 839; x_wconf 86' lang='lat' dir='ltr'><strong>m.</strong></span> <span class='ocrx_word' id='word_1_88' title='bbox 1192 798 1284 839; x_wconf 81' lang='lat' dir='ltr'><strong>Par.</strong></span> <span class='ocrx_word' id='word_1_89' title='bbox 1311 803 1349 838; x_wconf 81' lang='lat'><strong>1.</strong></span> <span class='ocrx_word' id='word_1_90' title='bbox 1372 801 1410 838; x_wconf 88' lang='grc'><strong>6.</strong></span> <span class='ocrx_word' id='word_1_91' title='bbox 1434 799 1556 850; x_wconf 74' lang='lat' dir='ltr'><strong>cujus.</strong></span> 
     </span>
    </p>

    <p class='ocr_par' dir='ltr' id='par_1_5' title="bbox 323 854 1625 919">
     <span class='ocr_line' id='line_1_11' title="bbox 323 854 1625 919; baseline -0.002 -14"><span class='ocrx_word' id='word_1_92' title='bbox 323 868 359 916; x_wconf 89' lang='lat'><strong>§.</strong></span> <span class='ocrx_word' id='word_1_93' title='bbox 392 870 459 905; x_wconf 88' lang='lat'><strong>57.</strong></span> <span class='ocrx_word' id='word_1_94' title='bbox 517 875 655 904; x_wconf 81' lang='lat' dir='ltr'><strong>contra</strong></span> <span class='ocrx_word' id='word_1_95' title='bbox 676 881 781 918; x_wconf 78' lang='lat' dir='ltr'><strong>quos·</strong></span> <span class='ocrx_word' id='word_1_96' title='bbox 823 863 888 904; x_wconf 78' lang='lat' dir='ltr'><strong>Sic</strong></span> <span class='ocrx_word' id='word_1_97' title='bbox 907 864 994 904; x_wconf 86' lang='lat' dir='ltr'><strong>Par.</strong></span> <span class='ocrx_word' id='word_1_98' title='bbox 1015 872 1052 904; x_wconf 89' lang='lat'><strong>2.</strong></span> <span class='ocrx_word' id='word_1_99' title='bbox 1097 869 1205 905; x_wconf 83' lang='lat' dir='ltr'><strong>circa</strong></span> <span class='ocrx_word' id='word_1_100' title='bbox 1225 882 1262 919; x_wconf 80' lang='lat' dir='ltr'><strong>q.</strong></span> <span class='ocrx_word' id='word_1_101' title='bbox 1283 864 1371 905; x_wconf 80' lang='lat' dir='ltr'><strong>Par.</strong></span> <span class='ocrx_word' id='word_1_102' title='bbox 1394 870 1431 905; x_wconf 90' lang='lat'><strong>1.</strong></span> <span class='ocrx_word' id='word_1_103' title='bbox 1451 864 1522 917; x_wconf 68' lang='grc' dir='ltr'><strong>(Ρ)</strong></span> <span class='ocrx_word' id='word_1_104' title='bbox 1545 869 1584 904; x_wconf 91' lang='grc'><strong>6.</strong></span> <span class='ocrx_word' id='word_1_105' title='bbox 1623 854 1625 856; x_wconf 31' lang='lat'>¹</span> 
     </span>
    </p>

    <p class='ocr_par' dir='ltr' id='par_1_6' title="bbox 210 930 1568 1057">
     <span class='ocr_line' id='line_1_12' title="bbox 321 930 1568 986; baseline -0.002 -13"><span class='ocrx_word' id='word_1_106' title='bbox 321 936 357 986; x_wconf 55' lang='grc' dir='ltr'><strong>ᾧ.</strong></span> <span class='ocrx_word' id='word_1_107' title='bbox 389 937 457 973; x_wconf 86' lang='grc'><strong>58.</strong></span> <span class='ocrx_word' id='word_1_108' title='bbox 514 932 743 971; x_wconf 70' lang='lat' dir='ltr'><strong>valetudine.</strong></span> <span class='ocrx_word' id='word_1_109' title='bbox 787 930 854 971; x_wconf 84' lang='lat' dir='ltr'><strong>Sic</strong></span> <span class='ocrx_word' id='word_1_110' title='bbox 875 930 967 972; x_wconf 81' lang='lat' dir='ltr'><strong>Par.</strong></span> <span class='ocrx_word' id='word_1_111' title='bbox 988 937 1027 972; x_wconf 84' lang='lat'><strong>2.</strong></span> <span class='ocrx_word' id='word_1_112' title='bbox 1051 936 1087 971; x_wconf 91' lang='grc'><strong>6.</strong></span> <span class='ocrx_word' id='word_1_113' title='bbox 1138 931 1396 971; x_wconf 65' lang='lat' dir='ltr'><strong>valetudinem</strong></span> <span class='ocrx_word' id='word_1_114' title='bbox 1415 930 1508 971; x_wconf 83' lang='lat' dir='ltr'><strong>Par.</strong></span> <span class='ocrx_word' id='word_1_115' title='bbox 1531 936 1568 971; x_wconf 93' lang='lat'><strong>1.</strong></span> 
     </span>
     <span class='ocr_line' id='line_1_13' title="bbox 210 997 869 1057; baseline -0.005 -16"><span class='ocrx_word' id='word_1_116' title='bbox 210 1005 283 1057; x_wconf 75' lang='lat' dir='ltr'><strong>ips,</strong></span> <span class='ocrx_word' id='word_1_117' title='bbox 304 1001 380 1055; x_wconf 83' lang='lat' dir='ltr'><strong>loq.</strong></span> <span class='ocrx_word' id='word_1_118' title='bbox 401 1017 462 1054; x_wconf 80' lang='lat' dir='ltr'><strong>qu.</strong></span> <span class='ocrx_word' id='word_1_119' title='bbox 502 997 569 1038; x_wconf 81' lang='lat' dir='ltr'><strong>Sic</strong></span> <span class='ocrx_word' id='word_1_120' title='bbox 594 998 684 1039; x_wconf 81' lang='lat' dir='ltr'><strong>Par.</strong></span> <span class='ocrx_word' id='word_1_121' title='bbox 707 1002 744 1038; x_wconf 88' lang='lat'><strong>1.</strong></span> <span class='ocrx_word' id='word_1_122' title='bbox 769 1003 808 1038; x_wconf 85' lang='lat'><strong>2.</strong></span> <span class='ocrx_word' id='word_1_123' title='bbox 832 1003 869 1038; x_wconf 86' lang='lat'><strong>6.</strong></span> 
     </span>
    </p>

    <p class='ocr_par' dir='ltr' id='par_1_7' title="bbox 209 1065 1646 1322">
     <span class='ocr_line' id='line_1_14' title="bbox 321 1065 1642 1120; baseline -0.004 -12"><span class='ocrx_word' id='word_1_124' title='bbox 321 1070 358 1118; x_wconf 87' lang='lat'><strong>§.</strong></span> <span class='ocrx_word' id='word_1_125' title='bbox 391 1074 459 1108; x_wconf 71' lang='lat'><strong>59.</strong></span> <span class='ocrx_word' id='word_1_126' title='bbox 519 1066 727 1120; x_wconf 78' lang='lat' dir='ltr'><strong><em>[causanti</em></strong></span> <span class='ocrx_word' id='word_1_127' title='bbox 755 1069 788 1104; x_wconf 84' lang='lat' dir='ltr'><strong>si</strong></span> <span class='ocrx_word' id='word_1_128' title='bbox 815 1067 1017 1119; x_wconf 81' lang='lat' dir='ltr'><strong>displicet,</strong></span> <span class='ocrx_word' id='word_1_129' title='bbox 1066 1069 1126 1105; x_wconf 77' lang='lat' dir='ltr'><strong>uti</strong></span> <span class='ocrx_word' id='word_1_130' title='bbox 1163 1080 1256 1105; x_wconf 82' lang='lat' dir='ltr'><strong>sane</strong></span> <span class='ocrx_word' id='word_1_131' title='bbox 1294 1065 1498 1118; x_wconf 84' lang='lat' dir='ltr'><strong>displicere</strong></span> <span class='ocrx_word' id='word_1_132' title='bbox 1526 1065 1642 1104; x_wconf 85' lang='lat' dir='ltr'><strong>debet</strong></span> 
     </span>
     <span class='ocr_line' id='line_1_15' title="bbox 212 1132 1644 1188; baseline -0.005 -12"><span class='ocrx_word' id='word_1_133' title='bbox 212 1134 318 1183; x_wconf 74' lang='grc' dir='ltr'><strong>ἅπαξ</strong></span> <span class='ocrx_word' id='word_1_134' title='bbox 345 1132 578 1188; x_wconf 71' lang='grc' dir='ltr'><strong>λεγόμενον,</strong></span> <span class='ocrx_word' id='word_1_135' title='bbox 622 1136 885 1185; x_wconf 67' lang='lat' dir='ltr'><strong>inpromptu</strong></span> <span class='ocrx_word' id='word_1_136' title='bbox 918 1142 973 1172; x_wconf 77' lang='lat' dir='ltr'><strong>est</strong></span> <span class='ocrx_word' id='word_1_137' title='bbox 1001 1133 1225 1171; x_wconf 81' lang='lat' dir='ltr'>emendatio</span> <span class='ocrx_word' id='word_1_138' title='bbox 1254 1133 1477 1182; x_wconf 80' lang='lat' dir='ltr'><em>accusanti,</em></span> <span class='ocrx_word' id='word_1_139' title='bbox 1524 1146 1644 1185; x_wconf 79' lang='lat' dir='ltr'><strong>quam</strong></span> 
     </span>
     <span class='ocr_line' id='line_1_16' title="bbox 211 1197 1646 1253; baseline -0.004 -10"><span class='ocrx_word' id='word_1_140' title='bbox 211 1206 354 1243; x_wconf 82' lang='lat' dir='ltr'><strong>obtulit</strong></span> <span class='ocrx_word' id='word_1_141' title='bbox 372 1202 475 1240; x_wconf 68' lang='lat' dir='ltr'><strong>mihi</strong></span> <span class='ocrx_word' id='word_1_142' title='bbox 493 1204 646 1253; x_wconf 80' lang='lat' dir='ltr'><strong>juvenis</strong></span> <span class='ocrx_word' id='word_1_143' title='bbox 668 1202 862 1239; x_wconf 82' lang='lat' dir='ltr'><strong>bonarum</strong></span> <span class='ocrx_word' id='word_1_144' title='bbox 880 1203 1024 1239; x_wconf 83' lang='lat' dir='ltr'><strong>artium</strong></span> <span class='ocrx_word' id='word_1_145' title='bbox 1041 1201 1313 1253; x_wconf 84' lang='lat' dir='ltr'><strong>cupidissimus</strong></span> <span class='ocrx_word' id='word_1_146' title='bbox 1332 1197 1436 1239; x_wconf 88' lang='lat' dir='ltr'><strong>Rob.</strong></span> <span class='ocrx_word' id='word_1_147' title='bbox 1455 1198 1646 1240; x_wconf 80' lang='lat' dir='ltr'><strong>Schram-</strong></span> 
     </span>
     <span class='ocr_line' id='line_1_17' title="bbox 209 1269 543 1322; baseline -0.009 -12"><span class='ocrx_word' id='word_1_148' title='bbox 209 1274 313 1310; x_wconf 84' lang='lat' dir='ltr'><strong>mius</strong></span> <span class='ocrx_word' id='word_1_149' title='bbox 335 1269 543 1322; x_wconf 74' lang='lat' dir='ltr'><strong>Suesius.]</strong></span> 
     </span>
    </p>

    <p class='ocr_par' dir='ltr' id='par_1_8' title="bbox 324 1332 1646 1389">
     <span class='ocr_line' id='line_1_18' title="bbox 324 1332 1646 1389; baseline -0.004 -12"><span class='ocrx_word' id='word_1_150' title='bbox 324 1335 360 1389; x_wconf 55' lang='grc' dir='ltr'><strong>ᾗ.</strong></span> <span class='ocrx_word' id='word_1_151' title='bbox 393 1342 457 1376; x_wconf 90' lang='grc'><strong>61.</strong></span> <span class='ocrx_word' id='word_1_152' title='bbox 515 1335 673 1376; x_wconf 75' lang='lat' dir='ltr'><strong>Habiti.</strong></span> <span class='ocrx_word' id='word_1_153' title='bbox 698 1334 765 1376; x_wconf 89' lang='lat' dir='ltr'><strong>Sic</strong></span> <span class='ocrx_word' id='word_1_154' title='bbox 786 1334 878 1376; x_wconf 81' lang='lat' dir='ltr'><strong>Par.</strong></span> <span class='ocrx_word' id='word_1_155' title='bbox 901 1339 939 1374; x_wconf 88' lang='lat'><strong>1.</strong></span> <span class='ocrx_word' id='word_1_156' title='bbox 962 1339 1002 1375; x_wconf 88' lang='lat'><strong>2.</strong></span> <span class='ocrx_word' id='word_1_157' title='bbox 1026 1339 1064 1374; x_wconf 89' lang='grc'><strong>6.</strong></span> <span class='ocrx_word' id='word_1_158' title='bbox 1150 1332 1341 1373; x_wconf 82' lang='lat' dir='ltr'><strong>Sassiam.</strong></span> <span class='ocrx_word' id='word_1_159' title='bbox 1371 1332 1461 1374; x_wconf 86' lang='lat' dir='ltr'><strong>Par.</strong></span> <span class='ocrx_word' id='word_1_160' title='bbox 1485 1337 1523 1374; x_wconf 84' lang='lat'><strong>1.</strong></span> <span class='ocrx_word' id='word_1_161' title='bbox 1543 1339 1583 1374; x_wconf 86' lang='lat'><strong>2.</strong></span> <span class='ocrx_word' id='word_1_162' title='bbox 1608 1337 1646 1372; x_wconf 92' lang='grc'><strong>6.</strong></span> 
     </span>
    </p>

    <p class='ocr_par' dir='ltr' id='par_1_9' title="bbox 190 1405 382 1444">
     <span class='ocr_line' id='line_1_19' title="bbox 190 1405 382 1444; baseline 0 0"><span class='ocrx_word' id='word_1_163' title='bbox 190 1405 382 1444; x_wconf 82' lang='lat' dir='ltr'><strong>·Sasiam.</strong></span> 
     </span>
    </p>

    <p class='ocr_par' dir='ltr' id='par_1_10' title="bbox 213 1466 1646 1590">
     <span class='ocr_line' id='line_1_20' title="bbox 325 1466 1646 1527; baseline -0.003 -16"><span class='ocrx_word' id='word_1_164' title='bbox 325 1476 361 1522; x_wconf 62' lang='grc' dir='ltr'><strong>ς.</strong></span> <span class='ocrx_word' id='word_1_165' title='bbox 394 1472 459 1511; x_wconf 84' lang='grc'><strong>64.</strong></span> <span class='ocrx_word' id='word_1_166' title='bbox 519 1470 674 1527; x_wconf 65' lang='lat' dir='ltr'><strong>irgfesia.</strong></span> <span class='ocrx_word' id='word_1_167' title='bbox 725 1468 793 1510; x_wconf 85' lang='lat' dir='ltr'><strong>Sic</strong></span> <span class='ocrx_word' id='word_1_168' title='bbox 818 1468 911 1510; x_wconf 79' lang='lat' dir='ltr'><strong>Par.</strong></span> <span class='ocrx_word' id='word_1_169' title='bbox 934 1474 972 1509; x_wconf 84' lang='lat'><strong>2.</strong></span> <span class='ocrx_word' id='word_1_170' title='bbox 1024 1467 1163 1525; x_wconf 71' lang='lat' dir='ltr'><strong>infiste</strong></span> <span class='ocrx_word' id='word_1_171' title='bbox 1191 1466 1284 1507; x_wconf 79' lang='lat' dir='ltr'><strong>Par.</strong></span> <span class='ocrx_word' id='word_1_172' title='bbox 1316 1472 1352 1507; x_wconf 85' lang='lat'><strong>1.</strong></span> <span class='ocrx_word' id='word_1_173' title='bbox 1380 1471 1418 1507; x_wconf 93' lang='grc'><strong>6.</strong></span> <span class='ocrx_word' id='word_1_174' title='bbox 1501 1466 1646 1523; x_wconf 72' lang='lat' dir='ltr'><strong>ficet-it.</strong></span> 
     </span>
     <span class='ocr_line' id='line_1_21' title="bbox 213 1534 1646 1590; baseline -0.004 -10"><span class='ocrx_word' id='word_1_175' title='bbox 213 1539 281 1580; x_wconf 82' lang='lat' dir='ltr'><strong>Sic</strong></span> <span class='ocrx_word' id='word_1_176' title='bbox 299 1539 392 1580; x_wconf 81' lang='lat' dir='ltr'><strong>Par.</strong></span> <span class='ocrx_word' id='word_1_177' title='bbox 418 1544 454 1577; x_wconf 89' lang='grc'><strong>6.</strong></span> <span class='ocrx_word' id='word_1_178' title='bbox 495 1540 567 1576; x_wconf 84' lang='lat' dir='ltr'><strong>erit</strong></span> <span class='ocrx_word' id='word_1_179' title='bbox 588 1537 678 1578; x_wconf 79' lang='lat' dir='ltr'><strong>Par.</strong></span> <span class='ocrx_word' id='word_1_180' title='bbox 704 1548 740 1577; x_wconf 79' lang='lat'><strong>1.</strong></span> <span class='ocrx_word' id='word_1_181' title='bbox 757 1542 796 1577; x_wconf 94' lang='grc'><strong>2.</strong></span> <span class='ocrx_word' id='word_1_182' title='bbox 885 1535 1053 1590; x_wconf 78' lang='lat' dir='ltr'><strong>culpam.</strong></span> <span class='ocrx_word' id='word_1_183' title='bbox 1091 1534 1159 1575; x_wconf 89' lang='lat' dir='ltr'><strong>Sic</strong></span> <span class='ocrx_word' id='word_1_184' title='bbox 1179 1534 1272 1575; x_wconf 84' lang='lat' dir='ltr'><strong>Par.</strong></span> <span class='ocrx_word' id='word_1_185' title='bbox 1294 1539 1332 1574; x_wconf 86' lang='lat'><strong>1.</strong></span> <span class='ocrx_word' id='word_1_186' title='bbox 1374 1534 1492 1589; x_wconf 84' lang='lat' dir='ltr'><strong>culpa</strong></span> <span class='ocrx_word' id='word_1_187' title='bbox 1508 1534 1594 1574; x_wconf 80' lang='lat' dir='ltr'><strong>Par.</strong></span> <span class='ocrx_word' id='word_1_188' title='bbox 1607 1540 1646 1574; x_wconf 88' lang='lat'><strong>2.</strong></span> 
     </span>
    </p>

    <p class='ocr_par' dir='ltr' id='par_1_11' title="bbox 212 1601 1649 1790">
     <span class='ocr_line' id='line_1_22' title="bbox 325 1601 1648 1658; baseline -0.005 -12"><span class='ocrx_word' id='word_1_189' title='bbox 325 1608 359 1658; x_wconf 53' lang='grc' dir='ltr'><strong>ᾧ.</strong></span> <span class='ocrx_word' id='word_1_190' title='bbox 392 1610 457 1645; x_wconf 85' lang='grc'><strong>65.</strong></span> <span class='ocrx_word' id='word_1_191' title='bbox 513 1621 728 1658; x_wconf 81' lang='lat' dir='ltr'><strong>possumus.</strong></span> <span class='ocrx_word' id='word_1_192' title='bbox 777 1602 843 1643; x_wconf 79' lang='lat' dir='ltr'><strong>Sic</strong></span> <span class='ocrx_word' id='word_1_193' title='bbox 873 1603 963 1643; x_wconf 80' lang='lat' dir='ltr'><strong>Par.</strong></span> <span class='ocrx_word' id='word_1_194' title='bbox 1000 1608 1036 1642; x_wconf 89' lang='lat'><strong>1.</strong></span> <span class='ocrx_word' id='word_1_195' title='bbox 1071 1608 1112 1643; x_wconf 84' lang='lat'><strong>2.</strong></span> <span class='ocrx_word' id='word_1_196' title='bbox 1148 1607 1185 1642; x_wconf 87' lang='grc'><strong>6.</strong></span> <span class='ocrx_word' id='word_1_197' title='bbox 1244 1601 1324 1642; x_wconf 87' lang='lat' dir='ltr'><strong>Sed</strong></span> <span class='ocrx_word' id='word_1_198' title='bbox 1353 1603 1458 1641; x_wconf 86' lang='lat' dir='ltr'><strong>nihil</strong></span> <span class='ocrx_word' id='word_1_199' title='bbox 1487 1603 1535 1641; x_wconf 88' lang='lat' dir='ltr'><strong>de</strong></span> <span class='ocrx_word' id='word_1_200' title='bbox 1558 1617 1648 1651; x_wconf 84' lang='lat' dir='ltr'><strong><em>non,</em></strong></span> 
     </span>
     <span class='ocr_line' id='line_1_23' title="bbox 213 1667 1649 1722; baseline -0.004 -9"><span class='ocrx_word' id='word_1_201' title='bbox 213 1683 349 1713; x_wconf 76' lang='lat' dir='ltr'>utrum</span> <span class='ocrx_word' id='word_1_202' title='bbox 377 1676 426 1711; x_wconf 86' lang='lat' dir='ltr'><strong>sit</strong></span> <span class='ocrx_word' id='word_1_203' title='bbox 452 1676 493 1710; x_wconf 86' lang='lat' dir='ltr'><strong>in</strong></span> <span class='ocrx_word' id='word_1_204' title='bbox 523 1671 663 1711; x_wconf 71' lang='lat' dir='ltr'><strong>Pax-iss.</strong></span> <span class='ocrx_word' id='word_1_205' title='bbox 685 1673 794 1710; x_wconf 82' lang='lat' dir='ltr'><strong>libris</strong></span> <span class='ocrx_word' id='word_1_206' title='bbox 815 1685 867 1708; x_wconf 83' lang='lat' dir='ltr'><strong>an</strong></span> <span class='ocrx_word' id='word_1_207' title='bbox 883 1685 965 1708; x_wconf 88' lang='lat' dir='ltr'><strong>non</strong></span> <span class='ocrx_word' id='word_1_208' title='bbox 980 1673 1042 1709; x_wconf 86' lang='lat' dir='ltr'><strong>sit.</strong></span> <span class='ocrx_word' id='word_1_209' title='bbox 1100 1667 1188 1722; x_wconf 87' lang='lat' dir='ltr'><strong>Ipse</strong></span> <span class='ocrx_word' id='word_1_210' title='bbox 1207 1678 1341 1708; x_wconf 84' lang='lat' dir='ltr'><strong>autem</strong></span> <span class='ocrx_word' id='word_1_211' title='bbox 1358 1669 1478 1709; x_wconf 86' lang='lat' dir='ltr'><strong>habet</strong></span> <span class='ocrx_word' id='word_1_212' title='bbox 1495 1668 1649 1709; x_wconf 84' lang='lat' dir='ltr'><strong>Pottie-</strong></span> 
     </span>
     <span class='ocr_line' id='line_1_24' title="bbox 212 1739 816 1790; baseline -0.01 -9"><span class='ocrx_word' id='word_1_213' title='bbox 212 1745 294 1781; x_wconf 74' lang='lat' dir='ltr'><strong>rius</strong></span> <span class='ocrx_word' id='word_1_214' title='bbox 313 1744 357 1779; x_wconf 87' lang='lat' dir='ltr'><strong>in</strong></span> <span class='ocrx_word' id='word_1_215' title='bbox 379 1749 510 1779; x_wconf 78' lang='lat' dir='ltr'><strong>textus</strong></span> <span class='ocrx_word' id='word_1_216' title='bbox 542 1739 816 1790; x_wconf 83' lang='lat' dir='ltr'><strong>descriptione.</strong></span> 
     </span>
    </p>

    <p class='ocr_par' dir='ltr' id='par_1_12' title="bbox 214 1800 1651 1917">
     <span class='ocr_line' id='line_1_25' title="bbox 327 1800 1651 1860; baseline -0.006 -13"><span class='ocrx_word' id='word_1_217' title='bbox 327 1810 362 1860; x_wconf 60' lang='grc' dir='ltr'><strong>ς.</strong></span> <span class='ocrx_word' id='word_1_218' title='bbox 395 1811 461 1846; x_wconf 86' lang='grc'><strong>67.</strong></span> <span class='ocrx_word' id='word_1_219' title='bbox 520 1805 787 1859; x_wconf 76' lang='lat' dir='ltr'><strong>dignitatibus.</strong></span> <span class='ocrx_word' id='word_1_220' title='bbox 850 1803 917 1844; x_wconf 86' lang='lat' dir='ltr'><strong>Sic</strong></span> <span class='ocrx_word' id='word_1_221' title='bbox 943 1802 1031 1843; x_wconf 83' lang='lat' dir='ltr'><strong>Par.</strong></span> <span class='ocrx_word' id='word_1_222' title='bbox 1063 1807 1101 1842; x_wconf 91' lang='grc'><strong>2.</strong></span> <span class='ocrx_word' id='word_1_223' title='bbox 1138 1817 1216 1841; x_wconf 87' lang='lat' dir='ltr'><strong>sec.</strong></span> <span class='ocrx_word' id='word_1_224' title='bbox 1247 1817 1301 1840; x_wconf 89' lang='lat' dir='ltr'><strong>m.</strong></span> <span class='ocrx_word' id='word_1_225' title='bbox 1364 1800 1651 1853; x_wconf 74' lang='lat' dir='ltr'><strong>dignationibus</strong></span> 
     </span>
     <span class='ocr_line' id='line_1_26' title="bbox 214 1876 497 1917; baseline -0.018 0"><span class='ocrx_word' id='word_1_226' title='bbox 214 1876 307 1917; x_wconf 80' lang='lat' dir='ltr'><strong>Par.</strong></span> <span class='ocrx_word' id='word_1_227' title='bbox 334 1881 370 1915; x_wconf 85' lang='lat'><strong>1.</strong></span> <span class='ocrx_word' id='word_1_228' title='bbox 394 1880 433 1914; x_wconf 85' lang='lat'><strong>2.</strong></span> <span class='ocrx_word' id='word_1_229' title='bbox 461 1878 497 1913; x_wconf 90' lang='grc'><strong>6.</strong></span> 
     </span>
    </p>

    <p class='ocr_par' dir='ltr' id='par_1_13' title="bbox 214 1933 1651 2049">
     <span class='ocr_line' id='line_1_27' title="bbox 328 1933 1651 1993; baseline -0.005 -12"><span class='ocrx_word' id='word_1_230' title='bbox 328 1944 363 1993; x_wconf 81' lang='lat'><strong>§.</strong></span> <span class='ocrx_word' id='word_1_231' title='bbox 401 1946 464 1980; x_wconf 83' lang='lat'><strong>68.</strong></span> <span class='ocrx_word' id='word_1_232' title='bbox 524 1938 681 1978; x_wconf 73' lang='lat' dir='ltr'><strong>mederi.</strong></span> <span class='ocrx_word' id='word_1_233' title='bbox 723 1936 790 1978; x_wconf 81' lang='lat' dir='ltr'><strong>Sic</strong></span> <span class='ocrx_word' id='word_1_234' title='bbox 811 1937 901 1978; x_wconf 82' lang='lat' dir='ltr'><strong>Par.</strong></span> <span class='ocrx_word' id='word_1_235' title='bbox 923 1944 962 1978; x_wconf 85' lang='lat'><strong>2.</strong></span> <span class='ocrx_word' id='word_1_236' title='bbox 984 1952 1060 1976; x_wconf 86' lang='lat' dir='ltr'><strong>sec.</strong></span> <span class='ocrx_word' id='word_1_237' title='bbox 1081 1951 1138 1976; x_wconf 69' lang='grc' dir='ltr'><strong>ω.</strong></span> <span class='ocrx_word' id='word_1_238' title='bbox 1184 1934 1312 1974; x_wconf 73' lang='lat' dir='ltr'><strong>videri</strong></span> <span class='ocrx_word' id='word_1_239' title='bbox 1334 1933 1426 1975; x_wconf 82' lang='lat' dir='ltr'><strong>Par.</strong></span> <span class='ocrx_word' id='word_1_240' title='bbox 1450 1939 1487 1974; x_wconf 91' lang='lat'><strong>1.</strong></span> <span class='ocrx_word' id='word_1_241' title='bbox 1509 1933 1584 1989; x_wconf 58' lang='grc' dir='ltr'><strong>(ἶ)</strong></span> <span class='ocrx_word' id='word_1_242' title='bbox 1610 1939 1651 1974; x_wconf 87' lang='grc'><strong>6.</strong></span> 
     </span>
     <span class='ocr_line' id='line_1_28' title="bbox 214 2007 587 2049; baseline -0.008 0"><span class='ocrx_word' id='word_1_243' title='bbox 214 2027 274 2049; x_wconf 85' lang='lat' dir='ltr'><strong>me</strong></span> <span class='ocrx_word' id='word_1_244' title='bbox 294 2009 420 2048; x_wconf 71' lang='lat' dir='ltr'><strong>videri</strong></span> <span class='ocrx_word' id='word_1_245' title='bbox 440 2007 528 2048; x_wconf 79' lang='lat' dir='ltr'><strong>Par.</strong></span> <span class='ocrx_word' id='word_1_246' title='bbox 550 2012 587 2046; x_wconf 82' lang='grc'><strong>2.</strong></span> 
     </span>
    </p>

    <p class='ocr_par' dir='ltr' id='par_1_14' title="bbox 328 2073 1187 2129">
     <span class='ocr_line' id='line_1_29' title="bbox 328 2073 1187 2129; baseline -0.005 -14"><span class='ocrx_word' id='word_1_247' title='bbox 328 2080 363 2129; x_wconf 83' lang='lat'><strong>§.</strong></span> <span class='ocrx_word' id='word_1_248' title='bbox 396 2081 463 2116; x_wconf 84' lang='lat'><strong>71.</strong></span> <span class='ocrx_word' id='word_1_249' title='bbox 515 2076 671 2128; x_wconf 75' lang='lat' dir='ltr'><strong>poterit.</strong></span> <span class='ocrx_word' id='word_1_250' title='bbox 711 2073 804 2114; x_wconf 83' lang='lat' dir='ltr'><strong>Par.</strong></span> <span class='ocrx_word' id='word_1_251' title='bbox 830 2078 864 2112; x_wconf 85' lang='lat'><strong>1.</strong></span> <span class='ocrx_word' id='word_1_252' title='bbox 888 2078 927 2113; x_wconf 88' lang='lat'><strong>2.</strong></span> <span class='ocrx_word' id='word_1_253' title='bbox 949 2076 986 2112; x_wconf 88' lang='lat'><strong>6.</strong></span> <span class='ocrx_word' id='word_1_254' title='bbox 1007 2074 1187 2127; x_wconf 76' lang='lat' dir='ltr'><strong>potuerit.</strong></span> 
     </span>
    </p>

    <p class='ocr_par' dir='ltr' id='par_1_15' title="bbox 216 2135 1679 2249">
     <span class='ocr_line' id='line_1_30' title="bbox 327 2135 1679 2195; baseline -0.007 -12"><span class='ocrx_word' id='word_1_255' title='bbox 327 2146 362 2195; x_wconf 53' lang='grc' dir='ltr'><strong>ᾧ.</strong></span> <span class='ocrx_word' id='word_1_256' title='bbox 393 2148 462 2183; x_wconf 84' lang='grc'><strong>72.</strong></span> <span class='ocrx_word' id='word_1_257' title='bbox 519 2144 631 2181; x_wconf 79' lang='lat' dir='ltr'><strong>siin.</strong></span> <span class='ocrx_word' id='word_1_258' title='bbox 690 2139 757 2181; x_wconf 78' lang='lat' dir='ltr'><strong>Sic</strong></span> <span class='ocrx_word' id='word_1_259' title='bbox 787 2139 880 2180; x_wconf 84' lang='lat' dir='ltr'><strong>Par.</strong></span> <span class='ocrx_word' id='word_1_260' title='bbox 907 2145 946 2180; x_wconf 83' lang='lat'><strong>2.</strong></span> <span class='ocrx_word' id='word_1_261' title='bbox 976 2155 1052 2178; x_wconf 85' lang='lat' dir='ltr'><strong>sec.</strong></span> <span class='ocrx_word' id='word_1_262' title='bbox 1072 2153 1127 2176; x_wconf 88' lang='lat' dir='ltr'><strong>ln.</strong></span> <span class='ocrx_word' id='word_1_263' title='bbox 1179 2139 1256 2175; x_wconf 81' lang='lat' dir='ltr'><strong>nis-i</strong></span> <span class='ocrx_word' id='word_1_264' title='bbox 1288 2135 1379 2176; x_wconf 83' lang='lat' dir='ltr'><strong>Par.</strong></span> <span class='ocrx_word' id='word_1_265' title='bbox 1412 2141 1448 2174; x_wconf 84' lang='lat'><strong>1.</strong></span> <span class='ocrx_word' id='word_1_266' title='bbox 1478 2139 1515 2175; x_wconf 88' lang='grc'><strong>6.</strong></span> <span class='ocrx_word' id='word_1_267' title='bbox 1600 2138 1679 2175; x_wconf 60' lang='lat' dir='ltr'><strong>sit*</strong></span> 
     </span>
     <span class='ocr_line' id='line_1_31' title="bbox 216 2203 1426 2249; baseline -0.007 1"><span class='ocrx_word' id='word_1_268' title='bbox 216 2235 272 2243; x_wconf 87' lang='lat'><strong>-—</strong></span> <span class='ocrx_word' id='word_1_269' title='bbox 301 2213 358 2249; x_wconf 83' lang='lat' dir='ltr'><strong>sic</strong></span> <span class='ocrx_word' id='word_1_270' title='bbox 380 2207 545 2248; x_wconf 68' lang='lat' dir='ltr'><strong>(licendi.</strong></span> <span class='ocrx_word' id='word_1_271' title='bbox 586 2208 652 2247; x_wconf 79' lang='lat' dir='ltr'><strong>Sic</strong></span> <span class='ocrx_word' id='word_1_272' title='bbox 674 2207 765 2248; x_wconf 87' lang='lat' dir='ltr'><strong>Par.</strong></span> <span class='ocrx_word' id='word_1_273' title='bbox 789 2214 829 2248; x_wconf 89' lang='grc'><strong>2.</strong></span> <span class='ocrx_word' id='word_1_274' title='bbox 883 2210 933 2246; x_wconf 82' lang='lat' dir='ltr'><strong>sit</strong></span> <span class='ocrx_word' id='word_1_275' title='bbox 951 2231 1006 2236; x_wconf 91' lang='lat'><strong>—</strong></span> <span class='ocrx_word' id='word_1_276' title='bbox 1025 2209 1074 2244; x_wconf 86' lang='lat' dir='ltr'><strong>sit</strong></span> <span class='ocrx_word' id='word_1_277' title='bbox 1094 2204 1259 2243; x_wconf 76' lang='lat' dir='ltr'><strong>dicenda</strong></span> <span class='ocrx_word' id='word_1_278' title='bbox 1280 2203 1367 2244; x_wconf 85' lang='lat' dir='ltr'><strong>Par.</strong></span> <span class='ocrx_word' id='word_1_279' title='bbox 1390 2207 1426 2242; x_wconf 81' lang='lat'><strong>1.</strong></span> 
     </span>
    </p>

    <p class='ocr_par' dir='ltr' id='par_1_16' title="bbox 219 2268 1654 2666">
     <span class='ocr_line' id='line_1_32' title="bbox 330 2268 1653 2329; baseline -0.006 -12"><span class='ocrx_word' id='word_1_280' title='bbox 330 2282 366 2329; x_wconf 84' lang='lat'><strong>§.</strong></span> <span class='ocrx_word' id='word_1_281' title='bbox 399 2281 468 2316; x_wconf 80' lang='lat'><strong>73.</strong></span> <span class='ocrx_word' id='word_1_282' title='bbox 530 2292 649 2315; x_wconf 81' lang='lat' dir='ltr'><strong>causa</strong></span> <span class='ocrx_word' id='word_1_283' title='bbox 671 2278 791 2328; x_wconf 75' lang='lat' dir='ltr'><strong>justa.</strong></span> <span class='ocrx_word' id='word_1_284' title='bbox 836 2275 926 2315; x_wconf 84' lang='lat' dir='ltr'><strong>Par.</strong></span> <span class='ocrx_word' id='word_1_285' title='bbox 965 2279 1000 2313; x_wconf 88' lang='lat'><strong>1.</strong></span> <span class='ocrx_word' id='word_1_286' title='bbox 1032 2279 1070 2313; x_wconf 82' lang='lat'><strong>2.</strong></span> <span class='ocrx_word' id='word_1_287' title='bbox 1108 2283 1143 2310; x_wconf 81' lang='lat' dir='ltr'><strong>et</strong></span> <span class='ocrx_word' id='word_1_288' title='bbox 1167 2275 1289 2326; x_wconf 80' lang='lat' dir='ltr'><strong>justa.</strong></span> <span class='ocrx_word' id='word_1_289' title='bbox 1393 2272 1443 2308; x_wconf 82' lang='lat' dir='ltr'><strong>sit</strong></span> <span class='ocrx_word' id='word_1_290' title='bbox 1467 2268 1653 2322; x_wconf 72' lang='lat' dir='ltr'><strong>fatendo.</strong></span> 
     </span>
     <span class='ocr_line' id='line_1_33' title="bbox 219 2335 1653 2398; baseline -0.008 -13"><span class='ocrx_word' id='word_1_291' title='bbox 219 2345 311 2385; x_wconf 82' lang='lat' dir='ltr'><strong>Par.</strong></span> <span class='ocrx_word' id='word_1_292' title='bbox 338 2350 375 2383; x_wconf 78' lang='lat'><strong>1.</strong></span> <span class='ocrx_word' id='word_1_293' title='bbox 399 2343 661 2398; x_wconf 73' lang='lat' dir='ltr'><strong>sitfaciemlo.</strong></span> <span class='ocrx_word' id='word_1_294' title='bbox 714 2342 802 2382; x_wconf 84' lang='lat' dir='ltr'><strong>Par.</strong></span> <span class='ocrx_word' id='word_1_295' title='bbox 823 2348 862 2382; x_wconf 90' lang='grc'><strong>2.</strong></span> <span class='ocrx_word' id='word_1_296' title='bbox 890 2345 951 2380; x_wconf 85' lang='lat' dir='ltr'><strong>sic</strong></span> <span class='ocrx_word' id='word_1_297' title='bbox 965 2339 1175 2396; x_wconf 78' lang='lat' dir='ltr'><strong>faciendo.</strong></span> <span class='ocrx_word' id='word_1_298' title='bbox 1235 2338 1421 2378; x_wconf 83' lang='lat' dir='ltr'><strong>Ceterum</strong></span> <span class='ocrx_word' id='word_1_299' title='bbox 1439 2335 1653 2376; x_wconf 74' lang='lat' dir='ltr'><strong>Pottierius</strong></span> 
     </span>
     <span class='ocr_line' id='line_1_34' title="bbox 221 2400 1653 2462; baseline -0.008 -12"><span class='ocrx_word' id='word_1_300' title='bbox 221 2413 269 2451; x_wconf 77' lang='lat' dir='ltr'><strong>de</strong></span> <span class='ocrx_word' id='word_1_301' title='bbox 293 2413 518 2460; x_wconf 78' lang='lat' dir='ltr'><strong>conjectura</strong></span> <span class='ocrx_word' id='word_1_302' title='bbox 548 2411 669 2448; x_wconf 84' lang='lat' dir='ltr'><strong>edidit</strong></span> <span class='ocrx_word' id='word_1_303' title='bbox 699 2408 745 2446; x_wconf 87' lang='lat' dir='ltr'><em>V</em></span> <span class='ocrx_word' id='word_1_304' title='bbox 742 2426 845 2447; x_wconf 83' lang='lat' dir='ltr'><strong><em>erum</em></strong></span> <span class='ocrx_word' id='word_1_305' title='bbox 872 2419 905 2447; x_wconf 81' lang='grc' dir='ltr'><strong>ει</strong></span> <span class='ocrx_word' id='word_1_306' title='bbox 928 2411 1040 2462; x_wconf 49' lang='lat' dir='ltr'><strong>jussa</strong></span> <span class='ocrx_word' id='word_1_307' title='bbox 1070 2407 1306 2460; x_wconf 88' lang='lat' dir='ltr'><strong>(nimirum,</strong></span> <span class='ocrx_word' id='word_1_308' title='bbox 1339 2406 1415 2454; x_wconf 83' lang='lat' dir='ltr'><strong>ait,</strong></span> <span class='ocrx_word' id='word_1_309' title='bbox 1447 2417 1469 2440; x_wconf 85' lang='lat' dir='ltr'><strong>a</strong></span> <span class='ocrx_word' id='word_1_310' title='bbox 1490 2400 1653 2441; x_wconf 81' lang='lat' dir='ltr'><strong>Caesare</strong></span> 
     </span>
     <span class='ocr_line' id='line_1_35' title="bbox 221 2468 1654 2532; baseline -0.009 -14"><span class='ocrx_word' id='word_1_311' title='bbox 221 2488 260 2517; x_wconf 81' lang='lat' dir='ltr'><strong>et</strong></span> <span class='ocrx_word' id='word_1_312' title='bbox 281 2477 495 2530; x_wconf 83' lang='lat' dir='ltr'>Pompejo)</span> <span class='ocrx_word' id='word_1_313' title='bbox 523 2480 588 2516; x_wconf 74' lang='lat' dir='ltr'><strong>&#39;sic</strong></span> <span class='ocrx_word' id='word_1_314' title='bbox 603 2476 798 2532; x_wconf 74' lang='lat' dir='ltr'><strong>faciendo</strong></span> <span class='ocrx_word' id='word_1_315' title='bbox 830 2474 974 2515; x_wconf 75' lang='lat' dir='ltr'><strong>docet</strong></span> <span class='ocrx_word' id='word_1_316' title='bbox 1004 2491 1079 2513; x_wconf 85' lang='lat' dir='ltr'><strong>non</strong></span> <span class='ocrx_word' id='word_1_317' title='bbox 1106 2490 1145 2512; x_wconf 85' lang='lat' dir='ltr'><strong>se</strong></span> <span class='ocrx_word' id='word_1_318' title='bbox 1165 2473 1210 2511; x_wconf 77' lang='lat' dir='ltr'><strong>de</strong></span> <span class='ocrx_word' id='word_1_319' title='bbox 1228 2475 1307 2524; x_wconf 75' lang='lat' dir='ltr'><strong>ing.</strong></span> <span class='ocrx_word' id='word_1_320' title='bbox 1328 2472 1395 2509; x_wconf 87' lang='lat' dir='ltr'><strong>rel.</strong></span> <span class='ocrx_word' id='word_1_321' title='bbox 1453 2468 1654 2523; x_wconf 73' lang='lat' dir='ltr'><strong>Equidem</strong></span> 
     </span>
     <span class='ocr_line' id='line_1_36' title="bbox 221 2534 1654 2596; baseline -0.006 -13"><span class='ocrx_word' id='word_1_322' title='bbox 221 2548 354 2583; x_wconf 81' lang='lat' dir='ltr'><strong>nescio</strong></span> <span class='ocrx_word' id='word_1_323' title='bbox 376 2558 425 2582; x_wconf 84' lang='lat' dir='ltr'><strong>an</strong></span> <span class='ocrx_word' id='word_1_324' title='bbox 446 2547 538 2583; x_wconf 82' lang='lat' dir='ltr'><strong>satis</strong></span> <span class='ocrx_word' id='word_1_325' title='bbox 559 2559 639 2583; x_wconf 90' lang='lat' dir='ltr'><strong>esse</strong></span> <span class='ocrx_word' id='word_1_326' title='bbox 657 2553 796 2596; x_wconf 83' lang='lat' dir='ltr'>putem</span> <span class='ocrx_word' id='word_1_327' title='bbox 824 2542 971 2581; x_wconf 84' lang='lat' dir='ltr'><em>Verum</em></span> <span class='ocrx_word' id='word_1_328' title='bbox 991 2550 1158 2580; x_wconf 77' lang='lat' dir='ltr'><strong>excusat</strong></span> <span class='ocrx_word' id='word_1_329' title='bbox 1189 2556 1229 2578; x_wconf 84' lang='lat' dir='ltr'><strong>se</strong></span> <span class='ocrx_word' id='word_1_330' title='bbox 1247 2535 1422 2592; x_wconf 73' lang='lat' dir='ltr'><strong>fatendo.</strong></span> <span class='ocrx_word' id='word_1_331' title='bbox 1477 2534 1654 2575; x_wconf 81' lang='lat' dir='ltr'><strong>Excusat</strong></span> 
     </span>
     <span class='ocr_line' id='line_1_37' title="bbox 223 2607 1654 2666; baseline -0.006 -16"><span class='ocrx_word' id='word_1_332' title='bbox 223 2615 332 2650; x_wconf 82' lang='lat' dir='ltr'><strong>enim</strong></span> <span class='ocrx_word' id='word_1_333' title='bbox 360 2626 424 2660; x_wconf 84' lang='lat' dir='ltr'><strong>se,</strong></span> <span class='ocrx_word' id='word_1_334' title='bbox 473 2611 605 2664; x_wconf 69' lang='lat' dir='ltr'><strong>quod,</strong></span> <span class='ocrx_word' id='word_1_335' title='bbox 653 2613 722 2665; x_wconf 90' lang='lat' dir='ltr'><strong>qui</strong></span> <span class='ocrx_word' id='word_1_336' title='bbox 749 2613 855 2666; x_wconf 33' lang='lat' dir='ltr'><strong>‘olim</strong></span> <span class='ocrx_word' id='word_1_337' title='bbox 882 2618 1018 2650; x_wconf 83' lang='lat' dir='ltr'><strong>contra</strong></span> <span class='ocrx_word' id='word_1_338' title='bbox 1046 2611 1136 2648; x_wconf 85' lang='lat' dir='ltr'><strong>illos</strong></span> <span class='ocrx_word' id='word_1_339' title='bbox 1165 2607 1331 2655; x_wconf 71' lang='lat' dir='ltr'><strong>dixerit,</strong></span> <span class='ocrx_word' id='word_1_340' title='bbox 1381 2618 1491 2643; x_wconf 89' lang='lat' dir='ltr'><strong>nunc</strong></span> <span class='ocrx_word' id='word_1_341' title='bbox 1515 2616 1654 2642; x_wconf 87' lang='lat' dir='ltr'><strong>eorum</strong></span> 
     </span>
    </p>
   </div>
  </div>
 </body>
</html>
