1757 2979
193 200 273 237 430
642 192 916 248 Snpplemcnta-
959 192 1220 230 annotationis

198 324 289 349 cum
310 309 492 348 ianthino
510 315 686 355 vocatur,
719 312 955 358 quapropter
977 305 1046 341 alii
1068 303 1268 341 buccinum
1288 304 1481 354 legerunt.
1513 299 1633 341 Porro

195 391 265 429 pro
286 375 408 414 lucem
427 373 694 414 Buttmannus
715 373 757 408 in
778 372 899 422 praes.
921 368 1016 409 Vol.
1038 368 1100 408 IV
1122 386 1162 422 p.
1185 366 1336 408 XVIII
1358 369 1635 420 corrigendum

196 452 310 496 putat
339 451 511 488 «necans,
550 448 654 478 recte
681 440 878 489 pluralem
909 451 1125 475 numerum
1152 450 1330 489 poscens.
1390 434 1473 475 Sed
1501 437 1634 474 nescio

199 525 250 549 an
271 513 396 563 aptius
417 512 536 547 etiam
567 507 684 543 suerit
704 503 868 555 lucem]

313 581 349 629 §.
381 581 449 615 77.
508 571 663 625 [Neque
682 573 791 610 enim.
832 569 996 610 Potfier.
1019 571 1222 622 vulgatam
1241 571 1432 623 sequitur,
1454 569 1502 607 de
1520 568 1633 608 codd.

199 643 386 684 Parisinis
409 645 510 679 silet.
563 638 645 678 Sed
667 638 771 676 nihil
791 640 914 676 tutius
930 637 1100 687 videtur,
1130 651 1249 691 quam
1265 639 1378 675 illam
1396 639 1635 689 optimorum

201 712 382 750 codicum
411 710 647 759 scripturam
673 704 893 744 secundum
922 703 1127 757 Spaldjng.
1148 704 1363 757 recipere.]

311 777 345 826 §.
377 779 443 814 78.
503 771 641 812 clivus.
689 771 780 811 Par.
804 777 842 810 1.
867 771 907 810 2.
930 771 1049 812 dives.

311 843 346 894 §.
378 846 445 881 79.
505 841 654 893 supina.
706 837 772 878 Sic
806 837 897 877 Par.
931 842 969 878 1.
1033 855 1212 892 suprema
1236 836 1329 877 Par.
1350 842 1389 877 2.
1485 836 1638 888 [habet.

200 910 410 950 Heindorf.
446 910 491 946 in
529 907 654 959 praef.
693 903 790 945 Vol.
823 902 888 944 IV
927 919 967 957 p.
1004 903 1157 944 XVIII
1200 904 1454 943 scribendum
1486 905 1638 943 censuit

203 976 354 1015 habeat.
412 972 475 1014 De
502 974 757 1014 distinctione
775 972 1021 1031 instituenda
1047 973 1099 1012 cf.
1120 972 1309 1024 ibidem]

763 1093 795 1135 C
829 1108 854 1134 Α
889 1110 926 1134 12.
983 1092 1072 1134 XI.

313 1180 348 1228 ξ.
380 1182 420 1216 2.
478 1183 639 1229 quaerat
662 1175 847 1228 priorem.
895 1171 963 1212 Sic
995 1170 1086 1212 Par.
1121 1177 1159 1212 1.
1188 1178 1228 1213 2.
1279 1181 1490 1227 quaeratur
1512 1171 1639 1224 perire

204 1243 295 1285 Par.
319 1249 358 1284 2.
381 1257 458 1282 sec.
480 1256 535 1280 m.

315 1313 351 1361 §.
386 1313 425 1349 3.
485 1306 681 1363 occ.fui1.
720 1306 811 1347 Par.
843 1310 879 1345 1.
905 1311 944 1346 2.
976 1307 1094 1345 inser.
1115 1305 1190 1347 illi.
1249 1304 1502 1353 [Rectiorem
1520 1305 1639 1356 hujus

204 1381 282 1417 loci
311 1378 682 1428 interpretationem
705 1377 789 1427 ipse
815 1371 1084 1412 Buttmannus
1112 1376 1156 1412 in
1181 1376 1304 1426 praef.
1336 1383 1434 1413 tom.
1454 1371 1518 1412 IV
1536 1382 1637 1412 extr.

203 1446 418 1497 proposuit.
472 1439 611 1496 Itaque
634 1440 706 1479 illa
729 1439 1010 1495 qualiacunque
1026 1442 1372 1493 interpretabimur
1394 1443 1508 1491 ,‚illa,
1539 1455 1640 1494 quae

203 1510 305 1550 Afer
336 1510 581 1562 proferebat,
629 1510 924 1562 qualiacunque
953 1511 1130 1558 erant,“
1173 1510 1244 1545 illa
1274 1510 1396 1559 igitur
1424 1522 1508 1547 non
1532 1511 1638 1548 mala

203 1578 367 1632 quidem
396 1577 516 1614 fuisse
555 1573 731 1626 Quintil.
773 1575 890 1622 dicit,
940 1574 1011 1613 sed
1041 1582 1176 1613 tamen
1215 1577 1371 1614 minora
1410 1578 1483 1626 iis,
1535 1591 1638 1630 quae

203 1647 301 1684 olim
322 1645 526 1690 attulerat,
564 1650 608 1680 ut
628 1655 879 1693 cognosceres
905 1643 1066 1681 leonem
1095 1641 1249 1691 adhuc,
1289 1656 1518 1696 quanquam
1540 1646 1639 1683 viri-

202 1714 275 1750 bus
294 1707 532 1759 desertffln.]

310 1776 348 1827 ᾗ.
381 1777 421 1814 4.
474 1785 764 1830 prosequentur.
804 1772 872 1814 Sic
892 1772 984 1813 Par.
1009 1779 1097 1814 1.2.
1186 1785 1266 1825 aut,
1296 1784 1350 1814 ut.
1390 1774 1458 1815 Sic
1478 1774 1568 1815 Par.
1583 1781 1638 1827 2.,

201 1844 270 1884 sed
297 1842 388 1883 Par.
420 1847 455 1882 1.
488 1856 567 1882 om.
597 1852 679 1881 auf.
765 1841 943 1881 destinat.
991 1840 1082 1881 Par.
1105 1845 1145 1880 2.
1177 1840 1408 1881 destinabat.
1496 1843 1635 1883 iraclel.

201 1914 267 1951 sic
284 1910 376 1951 Par.
396 1916 435 1950 2.
467 1925 544 1949 sec.
564 1924 619 1948 m.
659 1908 790 1946 reddet
811 1908 902 1948 Par.
925 1912 962 1947 1.

312 1982 348 2030 §.
379 1982 418 2017 7.
478 1986 514 2014 ct
532 1978 682 2014 sentiet.
720 1974 810 2015 Par.
832 1980 868 2015 2.
897 1989 974 2013 sec.
1000 1988 1055 2014 m.
1083 1985 1118 2013 ct
1141 1977 1290 2014 sentiat.
1338 1974 1431 2016 Par.
1465 1981 1503 2016 1.
1527 1983 1567 2017 2.
1600 1989 1636 2016 et

202 2047 439 2084 sententiam.
494 2034 503 2050 e

311 2115 346 2164 ξ.
379 2119 418 2151 9.
479 2108 725 2149 crediderint.
767 2107 834 2148 Sic
857 2106 946 2148 Par.
969 2114 1008 2148 2.
1030 2124 1108 2148 sec.
1129 2123 1186 2148 m.
1234 2108 1462 2149 crediderim
1480 2109 1572 2152 Par.
1595 2117 1633 2153 1.

282 2193 445 2217 moram.
486 2175 580 2216 Par.
603 2181 643 2214 1.
664 2191 823 2213 morum.
872 2175 966 2215 Par.
988 2181 1029 2215 2.
1053 2176 1218 2230 pondus-

312 2245 346 2296 ξ.
384 2249 447 2283 10.
510 2243 589 2292 Oui
605 2244 784 2295 primum.
826 2241 918 2282 Par.
942 2247 981 2282 1.
1000 2247 1040 2282 2.
1079 2245 1180 2282 Tum
1203 2246 1267 2298 qui
1283 2261 1345 2297 pr.

308 2315 343 2363 §.
378 2316 444 2351 12.
502 2310 682 2362 Longam
712 2311 819 2348 enim.
867 2309 936 2350 Sic
964 2308 1056 2350 Par.
1080 2316 1121 2351 2.
1159 2327 1235 2351 sec.
1265 2326 1320 2350 m.
1367 2310 1485 2363 legem
1509 2328 1633 2351 meam

199 2377 289 2418 Par.
315 2383 350 2418 1.
374 2382 415 2417 2.
501 2377 652 2416 credam.
697 2375 766 2416 Sic
786 2376 878 2417 Par.
898 2383 938 2417 2.
987 2378 1101 2417 cedas
1120 2378 1210 2418 Par.
1235 2383 1273 2418 1.

310 2446 347 2495 §.
382 2447 448 2483 14.
507 2447 572 2498 qui
590 2466 645 2474 —
666 2455 960 2498 occupaverunt.
1012 2444 1081 2484 Sic
1106 2444 1200 2485 Par.
1228 2451 1265 2485 1.
1289 2451 1327 2485 2.

308 2513 344 2563 §.
380 2516 446 2551 16.
505 2513 557 2549 sit
577 2512 615 2548 in
634 2527 723 2551 una.
766 2510 857 2550 Par.
882 2515 920 2551 1.
940 2517 981 2552 2.
1015 2527 1094 2552 om.
1118 2515 1170 2552 in.
1261 2510 1448 2564 Cognosc.
1474 2523 1523 2552 et.
1563 2511 1630 2553 Sic

195 2577 285 2618 Par.
313 2584 348 2617 1.
371 2583 408 2617 2.
496 2594 549 2615 ear·
574 2579 627 2616 iis
649 2601 705 2608 —
733 2577 862 2617 Ῐιαόιιί.
910 2577 1002 2619 Par.
1031 2584 1068 2618 1.
1095 2585 1136 2621 2.
1159 2579 1250 2634 plus
1279 2595 1332 2618 ex
1365 2579 1425 2619 his
1452 2581 1630 2635 partibus

196 2645 313 2699 (Par.
336 2650 372 2683 2,
393 2660 469 2683 sec.
492 2659 547 2684 m.
577 2644 751 2698 artibus)
778 2662 942 2699 quarum
960 2646 999 2686 ἦ..
