1721 2974
330 175 383 216 ad
414 173 576 229 Quintil.
609 173 737 215 Iussit.
770 171 804 224 I,
837 178 877 214 2.
918 174 954 225 §·
986 177 1170 215 8—20..
1434 179 1486 216 17

47 300 183 348 postea
213 291 389 333 addidit:
424 288 521 342 „Sin
549 298 587 329 et
620 287 760 330 Cicero
788 286 838 327 de
869 285 984 328 Orat.
1009 283 1063 334 H,
1085 291 1151 329 12.
1185 287 1222 338 §.
1247 291 1299 328 50
1329 287 1486 330 videtur

42 361 276 401 divisionem
299 360 473 414 partium
503 358 760 397 intellexisse.
817 353 918 395 Vid.
949 354 1000 393 de
1029 353 1221 394 divisione
1248 354 1338 396 Nio.
1368 355 1484 399 Fabr.

47 429 99 468 nd
129 427 188 469 M.
220 427 417 468 Senecam
445 439 535 478 pag.
569 423 671 476 68‚]

163 497 201 547 §.
236 495 302 534 14.
363 492 411 531 de
437 502 513 532 rat.
547 489 626 545 loq.
658 493 694 530 si
725 490 848 542 diss.,·
885 492 941 530 ita
970 488 1060 530 edd.
1093 497 1181 543 post
1211 488 1324 533 Sich.
1379 494 1419 531 ci
1443 492 1490 532 de

50 579 85 603 r.
120 560 201 616 loq.
234 560 329 601 diss.
358 558 468 600 Jens.
502 568 542 598 et
571 559 661 599 edd,
695 567 787 598 ante
818 555 952 607 sich„
980 571 1064 598 acc.
1097 554 1221 597 Goth„
1280 561 1318 597 si
1337 558 1383 598 de
1410 559 1489 615 loq.

51 640 128 670 rat.
165 628 204 669 d.
235 627 335 668 Tur.
366 624 473 667 Flor.
506 624 635 668 Amb.
660 631 697 666 1.
740 623 875 666 Guelf.
907 623 1046 678 Camp.
1159 628 1198 664 si
1225 635 1317 666 ante
1345 638 1492 681 quaest.

49 699 169 737 inser.
203 698 303 736 Tur.
335 694 441 735 Flor.
469 692 627 745 Bodlej.
659 691 816 737 Almel.
852 691 991 746 Camp.
1021 691 1143 734 Tarv.
1174 694 1281 735 Ven.
1323 693 1425 737 Obr,
1457 705 1497 736 et

52 767 226 806 verisim.
257 762 388 805 Amb.
423 766 461 803 1.

167 833 201 886 ᾧ.
236 835 303 871 15.
362 846 410 868 ea
431 837 525 868 ante
543 825 733 869 habenda.
754 843 835 869 om.
866 826 992 868 Amb.
1015 833 1054 869 1.
1141 831 1246 870 omni
1269 829 1412 883 m0d05
1440 834 1498 873 ita

52 900 145 939 edd.
175 907 265 953 post
299 896 428 948 Obr.‚
466 894 588 936 Bodl.
619 895 748 937 I'alat.
781 895 960 947 Almel„
1003 904 1043 935 et
1071 898 1141 936 alii
1167 898 1282 937 codd.
1316 903 1386 953 qui
1414 915 1499 940 non

54 972 446 1014 commemorantur,
485 978 567 1003 acc.
597 962 738 1016 Sich.3
773 966 920 1018 reliqui
947 965 1124 1014 omnino,
1164 973 1211 1006 ut
1234 963 1356 1006 Goth.
1442 971 1501 1007 ita

55 1049 177 1089 neque
215 1034 356 1072 erimus
396 1029 532 1072 Guelf.
574 1046 699 1082 „non
726 1033 856 1084 male,
904 1045 1004 1071 :uam
1031 1034 1087 1073 sic
1111 1034 1290 1088 jungitur
1316 1049 1410 1075 cum
1437 1051 1504 1075 se..

57 1109 207 1158 quente
237 1116 327 1150 nec,
379 1108 424 1139 ut
451 1100 531 1138 duo
563 1101 738 1139 existant
767 1108 1005 1152 argumenta
1033 1100 1284 1141 amoliendae
1313 1105 1504 1155 objectio-
1536 1100 1539 1102 ’

55 1170 167 1210 ni3.“
223 1167 335 1207 Haeo
366 1165 506 1220 Spald.
541 1168 587 1205 in
615 1169 749 1207 collat.
784 1167 874 1208 cod.
905 1165 954 1208 G.

173 1237 210 1289 §.
237 1240 303 1276 16.
359 1237 437 1290 ipsi
454 1243 618 1274 tuentur
639 1236 761 1273 etiam
779 1233 888 1275 Flor.
914 1233 1005 1276 Par.
1030 1240 1066 1276 1.
1088 1237 1126 1276 5.
1141 1265 1153 1289 ,
1180 1237 1272 1278 fort.
1294 1235 1422 1280 Amb.
1439 1244 1503 1294 1.;

60 1305 267 1358 vulgatam
295 1305 532 1356 scripturam
558 1304 733 1342 retinent
764 1300 905 1355 Camp.
936 1300 1027 1343 Par.
1050 1308 1119 1354 2.;
1167 1301 1266 1345 Tur.
1296 1307 1447 1348 siletur.

173 1373 210 1423 §.
242 1374 308 1410 18.
367 1372 408 1409 ἰη
433 1369 563 1408 media
590 1371 647 1407 rei
671 1368 853 1423 publicae
886 1368 970 1410 luce
996 1371 1104 1420 viv.,·
1150 1372 1208 1410 sie
1238 1373 1328 1412 edd.
1358 1375 1453 1414 inde
1484 1390 1508 1415 a

61 1437 189 1487 Bad„
239 1452 329 1478 exc·
369 1435 508 1488 Sich.3
554 1440 705 1490 priores
743 1438 784 1478 in
821 1435 952 1476 media
990 1453 1031 1476 re
1055 1436 1235 1492 publica,
1286 1448 1331 1480 ut
1357 1439 1506 1482 Joann.

62 1506 180 1547 Voss.
213 1510 252 1546 1.
275 1510 315 1557 2,
355 1501 478 1545 Goth.
521 1502 658 1545 Guelf.
700 1501 826 1544 Paris.
859 1508 895 1544 1.
916 1510 955 1545 2.
980 1510 1019 1545 3.
1077 1507 1119 1544 in
1147 1505 1273 1546 medio
1304 1509 1399 1563 reip.
1429 1511 1507 1550 viv.

62 1573 184 1617 Bodl.
213 1572 314 1613 Tur.
344 1588 368 1612 a
395 1586 454 1613 m,
479 1587 558 1613 sec.
594 1570 734 1625 Cmnp.
763 1569 921 1623 Andr-3
963 1571 1063 1613 Tur.
1089 1587 1115 1612 a
1140 1588 1195 1613 m.
1224 1589 1283 1627 pr.
1316 1577 1357 1613 in
1382 1575 1511 1616 media

65 1644 123 1682 rei
147 1639 460 1697 praevivenclum.
520 1639 626 1680 Flor.
659 1641 754 1694 reip,
784 1638 992 1679 videndum
1021 1640 1101 1695 (al.
1129 1655 1185 1680 m.
1217 1643 1310 1682 add.
1334 1641 1439 1693 luce,
1473 1653 1513 1685 et

65 1725 166 1750 corr.
195 1706 300 1763 viv.)
330 1707 457 1749 Amb.
490 1712 529 1748 1.
571 1722 656 1747 11011
685 1717 943 1748 memoratur.
1049 1707 1122 1747 illa
1154 1723 1235 1750 om.
1261 1707 1360 1751 Tur.
1391 1710 1509 1751 Bodl.

66 1776 210 1830 Gamp.
248 1774 382 1816 Andr.
421 1774 524 1817 Obr.
562 1777 655 1816 fort.
691 1790 744 1815 ex
779 1773 952 1829 Argent.
1062 1775 1284 1815 umbratica
1311 1777 1436 1819 Amb.
1471 1784 1508 1820 1.

67 1843 315 1899 [Debebant
350 1844 400 1883 de
441 1845 649 1883 umbratili
689 1845 765 1882 ista
802 1846 885 1883 vita
929 1845 1078 1883 tirones
1125 1844 1331 1884 admoneri
1371 1843 1514 1886 Graeci

66 1914 181 1952 verbi
209 1913 566 1967 σκιατραφεῒσθαι.
599 1909 842 1965 Spalding]
957 1912 1115 1949 nimium
1141 1911 1289 1951 tribuat
1316 1913 1392 1952 sibi
1415 1913 1513 1954 Tur.

69 1978 199 2021 Amb.
222 1983 259 2018 1.
292 1977 427 2020 Guelf.
459 1978 600 2034 Camp'.
627 1977 740 2019 Sich.
802 1978 950 2018 tribuat
969 1980 1060 2019 nim.
1085 1979 1161 2018 sibi
1190 1978 1296 2020 Flor.
1358 1983 1517 2021 nimium

70 2047 148 2086 sibi
179 2045 270 2086 trib,
302 2045 405 2087 Obr.

186 2113 224 2164 §.
247 2118 314 2154 19.
370 2113 481 2170 prof.
525 2115 603 2153 sint
641 2114 735 2154 edd.
781 2116 876 2170 aliq.
916 2122 1015 2155 vett.
1055 2123 1097 2154 et
1137 2112 1260 2156 Goth.
1355 2115 1520 2170 qff'endit

73 2191 116 2222 ut
146 2183 234 2236 qui,
274 2183 332 2220 ita
358 2183 483 2220 etiam
519 2180 620 2221 Tur.
662 2195 686 2220 a
722 2195 777 2220 m,
805 2196 864 2234 pr.
906 2180 1032 2221 Amb.
1057 2187 1094 2221 1.
1154 2180 1318 2237 qff'enclit
1345 2182 1448 2221 velut
1478 2200 1518 2238 q.

74 2248 177 2290 Obr.
236 2247 438 2303 qfflndunt
467 2258 509 2288 ut
531 2264 569 2302 q,
605 2246 717 2288 Sioh.
775 2247 976 2304 offindunt
995 2247 1099 2287 velut
1119 2251 1186 2303 qni
1216 2247 1353 2302 Camp.
1385 2248 1517 2290 Andr.

74 2314 199 2358 Goth.v
236 2315 335 2357 Tur.
368 2330 392 2355 a
418 2330 474 2356 m.
505 2331 581 2356 sec.

192 2385 231 2436 §.
262 2389 330 2424 20.
389 2399 508 2438 usque
550 2381 604 2422 ad
640 2391 779 2422 senect.
817 2383 906 2422 edd.
948 2391 1039 2422 ante
1075 2380 1214 2434 Smer,
1265 2398 1349 2423 exc.
1381 2383 1518 2437 Sich.;

77 2452 194 2492 codd.
237 2451 345 2491 nihjl
381 2454 532 2491 variare
572 2451 771 2491 videntur.
876 2452 1108 2505 firmissime
1146 2452 1236 2491 edd.
1267 2460 1359 2490 ante
1390 2451 1520 2493 Stoer.

81 2534 167 2559 exc.
199 2516 368 2571 Locat.3
415 2521 472 2558 ita
514 2518 656 2571 Camp.
698 2514 832 2557 Guelf.
918 2520 1089 2556 munitae
1115 2533 1186 2570 pro
1216 2518 1383 2558 imbutae
1417 2519 1519 2559 Tan.

83 2585 321 2627 Gebhardus
361 2584 561 2641 Crepund.
601 2588 671 2625 lib.
708 2589 747 2625 1.
788 2600 821 2626 c.
852 2589 878 2628 2
934 2598 987 2625 ex
1026 2585 1161 2626 codice
1196 2583 1379 2626 Palatino
1412 2590 1521 2640 legit,

82 2656 276 2708 probante
302 2651 446 2710 Sar-pio
474 2652 602 2696 Anal.
629 2668 668 2709 p.
691 2654 759 2695 24.

129 2732 230 2771 Tom.
257 2731 303 2771 V.
1020 2718 1056 2761 Β
