1721 2974
153 143 178 181 4
186 147 203 181 1
211 145 234 180 6
610 139 883 197 Supplemenia
911 139 1174 178 annotationis

152 255 326 307 appellat
346 250 520 305 Quintil.
540 251 620 305 IX,
655 255 695 306 4,
717 252 813 304 88.]
905 262 1032 291 tamen
1059 251 1253 306 partibus.
1305 252 1398 293 Par.
1433 258 1471 293 1.
1501 260 1541 295 2.
1570 265 1599 294 1.

148 323 322 375 parcius.
380 320 536 375 [Apud
566 321 849 375 Spaldingium
866 321 910 359 iu
932 329 1035 360 extr.
1055 329 1152 360 nota
1175 322 1311 360 critica
1331 322 1484 373 corrige
1508 318 1599 372 IX,

150 390 188 438 4,
216 390 333 442 111.]

263 458 300 507 §.
333 462 399 498 89.
460 454 744 497 admirabilem.
788 453 880 495 Par.
914 460 952 496 1.
986 461 1026 497 2.
1053 455 1286 496 mirabilem.
1358 455 1472 510 [Sed
1501 472 1597 497 eum.

149 523 361 563 Serranum
390 525 593 579 quendam
616 528 779 576 poetam
810 522 975 577 Sarpius
997 521 1165 575 Quaest.
1185 524 1287 577 phil.
1309 537 1396 578 cap.
1414 521 1460 563 H
1480 526 1599 564 inve-

148 594 308 645 stigavit
337 593 441 645 apud
471 590 659 632 Juvenal.
686 590 773 632 Sat.
804 596 846 643 7,
867 597 920 632 80
938 624 948 643 ‚
991 595 1256 647 operibusque
1281 593 1439 644 beavit,
1476 606 1601 647 ·quae

149 660 282 700 adhuc
305 658 575 712 Calpurniana
594 659 861 700 habebantur.
885 669 888 674 '
911 659 1033 712 Cujus
1053 663 1272 700 levissimas
1290 662 1462 699 rationes
1481 675 1599 713 repe-

146 737 228 767 tere
251 728 347 782 quid
372 726 542 767 attinet?
593 726 654 768 Cf.
681 726 905 768 Baehrium
923 731 968 768 iu
1000 729 1166 769 historia
1195 731 1273 768 litt.
1302 726 1422 769 Rom.
1440 743 1480 782 p.
1502 732 1599 768 235.

147 793 407 849 Quamquam
434 810 585 834 nomeu
614 798 781 848 alicujus
811 802 952 850 poetae
981 798 1165 837 codicum
1181 799 1384 850 scripturis
1406 798 1601 837 contineri

145 878 229 903 11011
251 877 322 915 ego
348 862 624 915 negaverim.]
1601 860 1603 862 ’

261 931 298 981 §.
331 936 397 972 90.
460 929 786 971 annumerandus.
835 930 925 972 Par.
961 938 998 972 1.
1028 938 1070 974 2.
1095 932 1323 973 imitandus.

260 1000 297 1049 §.
332 1003 399 1039 91.
460 997 620 1039 donato.
662 998 730 1039 Sic
762 999 854 1039 I'ar.
887 1005 925 1042 1.
982 999 1150 1040 donatus
1178 1001 1269 1042 Par.
1292 1006 1333 1041 2.
1381 999 1432 1056 (?
1495 999 1600 1040 Nam

146 1067 253 1121 apud
290 1065 530 1106 Pottierium
567 1070 667 1106 item
704 1067 795 1107 I’ar.
831 1072 870 1107 1.
897 1065 1084 1124 legitur).
1153 1068 1235 1109 Sed
1265 1072 1378 1108 locus
1415 1069 1601 1107 nondtun

144 1144 303 1175 sanatus
322 1135 493 1175 videtur.
551 1133 696 1174 Malim
722 1146 870 1189 pacato
896 1138 1072 1190 imperio.
1165 1146 1391 1177 secesserat.
1443 1135 1532 1176 Par.
1561 1140 1601 1175 1.

143 1209 183 1244 2.
207 1213 457 1242 successerat.
541 1205 657 1256 gerit.
709 1201 777 1243 Sic
796 1203 887 1243 Par.
914 1209 951 1244 1.
972 1210 1012 1245 2.

256 1274 292 1323 §.
330 1276 396 1311 92.
450 1273 690 1325 praestring.
738 1270 829 1311 Par.
857 1276 894 1312 1.
916 1277 956 1313 2.
975 1282 1119 1326 perstr.

259 1342 296 1391 ξ.
328 1343 395 1378 93.
454 1355 603 1393 quoque
624 1337 694 1379 Gr.
746 1338 814 1379 Sic
835 1339 928 1380 Par.
952 1344 990 1379 1.
1012 1345 1053 1380 2.

256 1407 292 1457 §.
327 1405 393 1445 94.
453 1405 541 1455 [De
577 1422 685 1442 vorm
716 1405 939 1447 Horatiano
972 1416 1011 1447 et
1041 1407 1118 1447 11οο
1141 1410 1271 1449 nostri
1287 1407 1487 1460 scriptoris
1511 1408 1600 1445 loco

142 1478 230 1528 lege
251 1473 552 1513 subtilissimam
581 1468 615 1509 F
617 1485 649 1509 r.
671 1467 783 1522 Aug.
803 1468 954 1511 Wolfii
985 1476 1297 1527 disputationem
1326 1477 1372 1514 in
1391 1472 1601 1513 Analectis

144 1543 346 1583 litterariis
375 1542 471 1580 Vol.
494 1536 515 1578 I
539 1554 578 1591 p.
603 1541 682 1578 185
707 1536 818 1592 sqq.]
907 1536 1015 1576 Nam
1035 1540 1143 1577 erud.
1195 1542 1263 1581 Sic
1281 1542 1371 1584 Par.
1397 1547 1435 1581 1.
1458 1546 1500 1582 2.

143 1610 266 1650 multo
286 1618 355 1647 est.
395 1606 486 1647 Par.
510 1612 550 1647 2.
571 1608 691 1645 inser.
715 1608 845 1646 etiam.
902 1604 993 1646 Par.
1010 1611 1047 1646 1.
1070 1605 1233 1645 multum
1254 1613 1371 1645 etiam
1391 1618 1460 1648 est,
1519 1606 1602 1662 [De

145 1668 387 1718 abundantia
405 1673 502 1713 salis
520 1673 629 1712 nihjl
654 1674 867 1724 docemur,
908 1689 1013 1727 quae
1040 1683 1179 1714 tamen
1209 1674 1320 1712 haud
1341 1674 1463 1712 dubie
1480 1678 1603 1714 etiam

142 1750 187 1786 in
207 1746 284 1785 hoc
304 1746 406 1783 libro
426 1750 496 1792 est,
523 1755 598 1780 nec
617 1744 710 1780 satis
728 1744 925 1793 intelligo,
950 1741 1049 1795 quid
1065 1742 1271 1794 impediat,
1295 1743 1508 1795 quominus
1527 1744 1602 1781 tri-

141 1816 215 1853 bus
236 1812 469 1866 praegressis
488 1809 566 1849 hoc
589 1818 778 1863 quartum
798 1811 1092 1848 substantivum
1113 1809 1383 1862 adjungatur]
1473 1808 1527 1847 ad
1543 1833 1601 1840 —-

141 1898 282 1921 mores.
326 1879 416 1920 Par.
452 1884 490 1920 1.
524 1884 563 1919 2.
597 1880 673 1916 nisi
703 1876 815 1916 labor
851 1879 931 1930 ejus
961 1892 1114 1927 amore,
1169 1878 1321 1930 [quam
1350 1878 1600 1931 reliquorum

143 1964 306 2004 quoque
346 1948 531 1987 codicum
566 1948 804 1998 scripturam
839 1944 1027 1998 equidem
1062 1958 1148 1983 non
1181 1944 1450 1984 dubitaverim
1473 1946 1598 1985 veteri

143 2020 394 2069 conjecturae
413 2016 626 2070 praeferre.
641 2013 657 2065 ]

257 2086 295 2135 §.
327 2089 395 2125 95.
454 2086 570 2122 etiam
590 2105 647 2112 --
666 2079 746 2120 sed.
806 2078 874 2120 Sic
893 2079 984 2121 Par.
1008 2084 1045 2120 1.
1068 2086 1109 2121 2.

255 2154 295 2203 §.
328 2157 394 2193 96.
456 2150 533 2191 illi.
576 2152 666 2190 Par.
687 2154 728 2190 2.
749 2163 826 2188 sec.
849 2163 905 2188 m.
939 2147 1006 2187 ille
1035 2146 1127 2188 Par.
1155 2152 1194 2188 1.
1271 2144 1465 2202 [Godofr.
1487 2146 1596 2187 Her-

141 2235 314 2260 mannus
357 2221 463 2274 apud
495 2217 780 2258 Frotscherum
819 2217 941 2257 verba
979 2218 1034 2255 sic
1067 2218 1256 2268 conjungi
1284 2218 1439 2257 voluit:
1488 2216 1596 2268 cujus

142 2289 340 2329 acerbitas
359 2291 399 2328 in
423 2286 592 2337 Catullo,
625 2284 835 2335 Bibaculo,
866 2283 1065 2335 Horatio,
1096 2299 1325 2338 quamquam
1344 2282 1408 2323 illi
1436 2282 1596 2336 (Hora—

140 2356 224 2411 tio)
256 2357 397 2412 epodos
415 2356 667 2405 interveniat,
700 2355 924 2407 reperietur.
982 2352 1116 2391 Homo
1140 2352 1276 2391 doctus
1301 2352 1345 2389 iu
1372 2349 1596 2404 Ephemer.

142 2422 305 2465 Jenens.
342 2440 374 2464 a.
409 2427 514 2464 1825
542 2436 611 2462 110.
633 2426 689 2462 72
718 2421 976 2461 scribendmn
994 2422 1172 2474 putavit:
1215 2421 1322 2472 cujus
1339 2419 1534 2457 acerbitas
1554 2419 1595 2456 in

147 2490 324 2542 Catullo,
355 2490 577 2543 Bibaculo‚·
618 2491 661 2528 in
679 2491 877 2538 Horatio,
918 2504 1152 2543 quamquam
1177 2486 1239 2526 illi
1267 2485 1410 2541 epodos
1428 2488 1597 2525 interve-

142 2561 222 2610 nit,
273 2577 349 2601 non
388 2557 637 2614 reperietur-J
729 2555 980 2613 chcissime.
1036 2554 1105 2596 Sic
1141 2554 1233 2596 Par.
1269 2558 1310 2595 2.
1340 2553 1595 2612 jer-ocissime

142 2624 231 2666 Par.
265 2631 302 2668 1.
