1721 2974
194 177 276 213 320
642 174 913 230 Suppli-menta
944 176 1206 215 annotationis

308 286 345 338 ξ.
379 291 416 326 5.
476 290 587 327 enim.
631 286 752 327 Amb.
770 292 807 326 1.
831 290 949 338 anim,
972 302 994 326 a
1017 302 1094 327 sec.
1114 303 1169 327 m.
1195 303 1289 328 cum
1302 287 1439 335 Turio.
1462 304 1485 330 a
1504 306 1563 345 pr.
1580 307 1634 331 m.

192 355 325 394 animi.
437 356 621 411 efficiunt.
668 354 792 393 Aan.
818 359 855 393 1.
892 353 1026 395 Turio.
1058 370 1080 393 a
1103 371 1161 408 pr.
1184 371 1238 395 111.
1263 357 1459 412 efficiant,
1505 358 1641 413 (quod

190 425 361 460 minime
391 419 701 476 spernendmn).
756 420 864 462 Jens.
903 431 942 461 et
971 423 1061 461 edd.
1095 433 1186 462 ante
1214 422 1315 463 Ald.
1349 426 1527 481 efficient.

187 500 335 542 putent.
396 489 528 528 Turio.
578 503 601 526 a
638 503 698 541 pr.
737 503 791 529 m.
824 499 976 543 putant.
1119 490 1225 544 quod
1261 491 1341 532 vol.
1409 491 1477 535 Sic
1518 495 1639 532 etiam

187 555 314 597 Amb.
355 562 393 606 1.

302 626 337 675 ξ.
370 629 407 663 6.
467 637 553 660 eum
583 624 722 662 irasci.
784 620 918 662 Guelf.
943 638 1022 664 om.
1045 640 1144 665 cum.
1258 628 1446 667 misereri.
1495 625 1635 680 Camp.

186 694 378 731 miser-cre.
494 692 564 742 agi
597 692 694 742 jam.
753 689 891 730 Turio.
924 705 959 730 a.
991 707 1049 744 pr.
1080 707 1136 732 111.
1168 693 1330 746 agilam.
1439 697 1639 748 praecipi-

187 770 245 798 tat
275 760 437 797 animus,
493 755 619 796 Aan.
644 762 681 796 1.
709 761 902 812 praecipit
933 761 1097 798 animus.
1152 759 1242 799 Par.
1271 766 1308 800 1.
1330 767 1370 801 2.
1402 765 1522 801 etiam
1546 779 1638 816 pre-

184 829 256 864 mit
285 840 408 863 amor.
523 827 635 864 verit.
668 827 811 879 inquir.
870 826 959 866 Hoc
1002 828 1141 866 ordine
1179 830 1300 867 etiam
1327 827 1453 868 Aan.
1487 834 1523 868 1.

184 895 340 931 omittit.
399 891 467 932 Sic
498 895 621 931 etiam
651 891 775 932 Amb.
805 898 842 932 1.
872 892 963 933 Par.
989 899 1026 934 1.
1138 906 1311 948 possunt.
1371 895 1480 936 Jens.
1512 895 1636 936 Tarv.

179 970 347 1014 possent.
463 962 521 998 ita.
559 976 719 1000 omnem.
777 960 869 999 Huc
908 964 953 1000 iu
982 961 1144 1003 Veneta
1175 979 1304 1002 errore
1335 965 1414 1002 alia
1441 979 1533 1016 pag.
1565 965 1637 1003 de-

180 1031 264 1067 lata
293 1036 364 1066 est.

296 1097 332 1145 §.
364 1099 404 1136 7.
466 1111 514 1134 ac
540 1105 665 1135 testes,
726 1093 861 1137 Guelf.
894 1094 1018 1136 Goth.
1050 1107 1085 1134 et
1116 1106 1240 1137 testes,
1338 1100 1496 1148 egerint.
1544 1097 1633 1138 Tu-

178 1166 249 1203 ric.
283 1178 305 1202 a
324 1179 384 1216 pr.
406 1178 461 1202 m.
494 1173 666 1215 egerunt.
780 1166 956 1218 erumpit.
1015 1163 1141 1203 Amb.
1174 1170 1210 1203 1.
1244 1166 1383 1218 erupit.
1495 1165 1631 1218 palam

178 1231 301 1270 (licta.
361 1229 471 1270 Flor.
503 1229 642 1282 Camp.
674 1229 712 1268 ἅ.
727 1247 768 1284 p.
886 1248 994 1285 opus,
1056 1229 1189 1271 Guelf.
1217 1234 1357 1286 operis.
1470 1233 1630 1286 ingrata

177 1310 279 1339 sunt.
337 1297 463 1338 Aan.
490 1303 527 1337 1.
558 1297 693 1336 Turio.
720 1313 742 1336 a
760 1314 816 1351 pr.
836 1314 892 1338 1n.
925 1302 1025 1351 ingr.
1056 1301 1146 1338 sint.

292 1366 328 1418 ξ.
362 1371 401 1405 8.
462 1381 578 1419 quam
608 1381 690 1405 nos.
749 1365 875 1406 Amb.
909 1371 946 1406 1.
979 1365 1081 1420 quocl
1110 1382 1199 1415 nos,
1256 1365 1365 1419 quod
1394 1368 1526 1419 ipsum
1555 1383 1630 1407 vo-

174 1437 307 1474 luerat
337 1433 608 1486 Spaldingius.
728 1444 848 1473 caret.
906 1432 1032 1472 Amb.
1066 1439 1101 1472 1.
1133 1432 1270 1472 Turio.
1311 1431 1420 1472 Flor.
1450 1449 1473 1473 a
1490 1450 1550 1487 pr.
1571 1450 1626 1475 m.

175 1502 303 1541 cadet.
421 1500 494 1540 illa.
520 1500 619 1555 phil.
678 1499 786 1540 Flor.
819 1499 958 1554 Camp.
986 1500 1052 1555 plz.
1086 1500 1145 1541 ill.
1260 1511 1316 1540 est
1345 1500 1468 1542 dicta.
1515 1501 1626 1543 Flor.

173 1568 311 1622 Camp.
343 1569 381 1609 d.
415 1587 444 1610 e.

288 1641 323 1688 ξ.
359 1643 398 1677 9.
457 1652 585 1676 omnes
614 1659 670 1666 —-
700 1638 950 1676 continentur.
1008 1634 1132 1674 Amb.
1161 1641 1198 1675 1.
1231 1633 1340 1676 Flor.
1363 1639 1483 1676 etiam
1503 1640 1626 1677 omnis

170 1730 227 1737 —-
258 1706 486 1744 continetur.
619 1703 869 1743 voluntatem,
928 1701 1036 1743 Flor.
1074 1717 1233 1756 quoque
1263 1703 1513 1757 voluptatem.

169 1773 284 1813 lenes.
356 1769 488 1811 Guelf.
534 1770 644 1811 leves.
780 1773 984 1824 imperare.
1059 1768 1167 1809 Flor.
1209 1785 1371 1824 quoque
1412 1774 1622 1826 inpetrare.

253 1839 594 1894 perturbationem.
654 1837 762 1878 Flor.
805 1837 896 1878 Par.
931 1842 969 1876 1.
1001 1842 1041 1877 2.
1078 1836 1348 1890 perlationem.
1464 1839 1625 1880 benevo-

168 1910 341 1949 lentiam.
403 1904 536 1946 Guelf.
572 1904 696 1945 Goth.
726 1904 887 1944 benivol.
947 1902 1224 1957 [Graecorum
1247 1907 1369 1956 igitur
1392 1909 1621 1959 nominum,

167 1992 269 2031 quae
309 1974 564 2028 Spaldiugius
604 1972 780 2025 Regium
802 1981 959 2012 secutus
990 1972 1182 2010 excidisse
1210 1975 1378 2024 putavit,
1410 1977 1622 2026 vestigium

164 2048 209 2084 in
246 2046 387 2082 nostris
418 2045 528 2081 libris
558 2044 722 2080 nullum
752 2050 821 2080 est.
881 2038 964 2079 Nec
996 2054 1093 2091 opus
1124 2047 1181 2078 est
1211 2040 1381 2079 addere:
1420 2055 1517 2079 nam
1549 2042 1621 2081 lios

165 2122 204 2151 et
234 2111 324 2150 illos
354 2108 499 2160 Quint.
533 2111 635 2148 dixit
662 2106 809 2148 Latine
832 2122 902 2160 pro
930 2106 1004 2145 hoc
1033 2104 1224 2159 (πάθος)
1255 2115 1294 2145 et
1322 2105 1426 2145 illud
1455 2102 1620 2164 (ἦθος)

161 2195 295 2235 neque
328 2179 492 2218 alterum
519 2202 576 2207 —
607 2175 770 2215 alterum
799 2176 848 2213 ad
876 2189 1005 2213 unum
1034 2189 1183 2213 nomen
1211 2189 1301 2226 gen.
1322 2177 1501 2214 neutrius
1521 2191 1617 2228 per-

161 2252 279 2299 tinet,
311 2248 381 2287 sed
408 2249 453 2285 iu
481 2248 715 2284 universum
744 2243 794 2281 ad
825 2243 903 2281 duo
933 2256 1080 2294 genera
1110 2243 1328 2281 affectuum
1355 2244 1557 2296 refertur]

277 2317 315 2366 ξ.
350 2321 416 2355 10.
471 2315 698 2370 peritorum.
755 2308 877 2350 Aan.
903 2315 940 2350 1.
982 2308 1091 2349 Flor.
1130 2324 1154 2348 a
1181 2325 1258 2349 sec.
1289 2325 1344 2349 m.
1385 2313 1506 2349 etiam
1542 2329 1615 2366 per

160 2395 292 2432 tuum,
344 2398 367 2422 a
396 2395 454 2436 pr.
487 2396 542 2419 m.
585 2380 734 2418 deerat.
859 2376 986 2429 Quod.
1046 2376 1154 2417 Flor.
1188 2379 1292 2431 quia.
1418 2378 1611 2420 accidere.

158 2450 283 2491 Amb.
321 2455 358 2490 1.
399 2449 537 2490 Turio.
571 2462 594 2485 a
621 2462 682 2500 pr.
712 2461 768 2485 m.
800 2444 1007 2499 saccedere.
1067 2442 1202 2485 Guels.
1238 2445 1371 2495 adjicit
1400 2461 1496 2485 eam.

161 2522 397 2558 continuum.
468 2514 599 2557 Guelf.
640 2516 848 2554 continum.
984 2511 1210 2552 desiderent.
1283 2510 1420 2565 Camp.
1459 2512 1611 2552 deside.

111 2612 113 2614 -
161 2597 266 2625 rant.
377 2587 516 2625 minus,
576 2582 714 2623 Turio.
747 2590 786 2621 et
815 2578 925 2621 Flor.
957 2595 980 2619 a
999 2596 1057 2633 pr.
1077 2595 1133 2619 m.
1162 2596 1310 2620 munus,
1416 2579 1458 2619 hi
1487 2580 1610 2622 lenio-

163 2670 234 2694 res.
292 2652 359 2694 Sic
389 2655 511 2694 etiam
541 2650 654 2693 Sieh.
715 2648 775 2691 At
803 2647 929 2692 Amb.
955 2653 992 2690 1.
1019 2647 1053 2690 F
1054 2651 1127 2689 lor.
1157 2647 1220 2688 liic
1251 2646 1422 2688 leviores.
