1757 2979
349 160 405 199 ml
438 161 601 212 Quintil.
634 163 759 202 Instil.
794 163 886 213 ΧῙ,
921 167 958 203 3.
1002 166 1037 213 §.
1069 169 1297 207 36—-101,
1472 171 1551 209 437

205 274 240 322 §.
274 278 337 313 4-8.
401 273 466 312 ille
491 277 565 313 sin.
608 273 674 314 Sic
707 274 795 314 Par.
827 281 889 322 2.,
930 278 998 315 sed
1030 276 1119 316 Par.
1149 283 1182 317 1..
1209 284 1244 317 6.
1267 281 1382 319 inser.
1408 284 1458 320 in.

204 342 241 390 §.
276 345 344 380 70.
404 352 471 379 aut
492 357 567 379 non
590 358 699 381 conc.
753 341 842 382 Par.
870 349 905 383 l.
932 349 970 383 2.
1000 350 1035 383 6.
1058 360 1137 382 om.
1163 361 1258 393 non,
1300 362 1381 400 quo
1406 358 1538 387 tamen

90 408 194 446 nihil
213 410 256 446 iu
282 423 372 447 mss.
395 410 653 460 frequentius.

200 480 236 528 §.
268 481 336 515 72.
395 474 495 512 hunc
515 487 631 527 spect.
671 476 738 516 Si«.-
760 475 847 517 Par.
871 483 910 517 2.
963 477 1037 517 hoc
1057 494 1114 531 sp.
1136 477 1225 518 Par.
1252 484 1286 518 1.
1312 486 1348 520 6.
1437 482 1537 522 ‹lici-

89 561 184 583 mus.
233 542 300 582 Sic
323 541 412 581 Par.
440 546 474 580 1.
494 548 532 580 2.
557 548 590 581 6.

199 611 237 660 §.
266 615 334 649 73.
394 608 546 661 [Niobe
574 609 677 650 Pott.
708 613 750 649 in
780 621 918 662 textu,
965 627 1096 667 neque
1118 614 1228 654 addit
1247 616 1464 670 quicquam
1483 618 1531 656 de

86 679 339 716 varietatibus
361 676 503 728 codd.]
767 718 769 720 ,

195 747 231 798 §.
263 745 330 784 74.
390 743 505 783 latus.
542 741 610 783 Sic
630 743 720 784 l'ar.
746 750 781 784 1.
804 750 842 785 2.
865 750 905 783 6.

192 813 229 864 §.
260 816 325 852 76.
387 821 454 851 aut
475 821 554 851 nat.
598 811 689 852 Pa‘r.
723 816 763 852 1.
797 817 836 852 2.
863 817 902 852 6.
933 822 967 850 ct
989 829 1025 852 η.
1115 831 1318 869 nunquam.
1366 818 1455 858 l‘ar.
1493 825 1524 859 ¹.

80 886 118 919 2.
140 883 178 919 6.
206 894 488 932 nonnunquam.

187 946 223 997 ᾧ.
256 950 322 985 77.
382 944 611 984 deserviens.
660 945 750 986 Par.
776 950 813 985 6.
837 947 1018 985 serviens.

187 1018 223 1066 ᾗ.
256 1017 325 1053 78.
385 1012 611 1052 demittitur.
657 1012 748 1054 Par.
785 1018 823 1052 1.
853 1019 893 1053 2.
927 1018 964 1052 6.
1003 1016 1207 1056 omittitur.
1308 1020 1521 1073 infirnmm.

76 1080 142 1122 Sic
162 1081 250 1122 Par.
274 1086 309 1121 1.
332 1085 371 1120 2.
430 1082 588 1134 infirma
611 1079 698 1119 I‘ar.
720 1084 759 1120 6.

186 1151 221 1201 §.
253 1154 321 1189 79.
383 1150 527 1186 remiss,
561 1157 633 1186 osi.
675 1146 742 1187 Sic
774 1147 865 1187 Par.
890 1152 926 1187 1.
952 1154 990 1187 2.
1013 1154 1050 1188 6.

112 1203 115 1205 -
144 1259 146 1261 ,
184 1217 221 1267 §.
253 1221 320 1255 80.
377 1213 490 1269 pulso
509 1217 661 1267 spiritu.
704 1214 794 1254 Par.
810 1220 846 1254 1.
861 1221 899 1255 2.
915 1220 954 1254 6.
979 1218 1141 1269 impulso
1161 1243 1214 1248 -—
1235 1237 1291 1273 sp.
1379 1223 1517 1263 subito.

72 1284 159 1323 Par.
191 1289 228 1324 1.
249 1289 289 1324 2.
311 1298 389 1323 om.
474 1282 655 1322 diducere
674 1306 730 1313 —
750 1282 997 1322 diducuntur.
1049 1283 1139 1324 Par.
1167 1291 1205 1326 1.
1232 1292 1269 1326 2.
1293 1293 1329 1328 6.
1357 1288 1441 1330 ded.
1465 1291 1522 1322 .-'

71 1351 158 1391 decl.

183 1419 217 1469 §.
251 1422 318 1458 85.
376 1428 670 1471 persequantur.
707 1416 797 1457 Par.
823 1421 860 1456 1.
882 1423 921 1456 2.
939 1430 1239 1471 prosequuntur.

177 1487 213 1537 §.
248 1490 315 1525 87.
378 1485 497 1523 inlzib.
521 1484 646 1538 suppl.
696 1484 763 1524 Sic
794 1483 883 1523 Par.
910 1489 947 1523 1.
970 1490 1008 1524 2.

181 1554 218 1602 §.
252 1558 318 1593 91.
378 1555 443 1606 qui
465 1555 627 1590 etiamsi.
670 1551 738 1591 Sic
759 1551 850 1591 Par.
875 1558 911 1591 2.
939 1556 976 1591 6.
1028 1552 1132 1605 quod
1149 1570 1181 1593 c.
1204 1553 1292 1594 Par.
1322 1562 1358 1596 1.

178 1625 214 1673 §.
247 1622 311 1661 94.
374 1635 460 1672 urg.
489 1619 583 1673 aliq.
635 1618 702 1659 Sic
721 1618 811 1659 I'ar.
840 1625 879 1659 2.
913 1624 950 1659 6.
981 1634 1057 1658 sec.
1081 1635 1161 1668 m.‚
1211 1622 1279 1660 sed
1298 1622 1386 1664 Par.
1416 1630 1450 1665 1,
1473 1631 1508 1665 6,

67 1691 184 1727 inser.
205 1698 253 1727 ct.

178 1757 212 1806 ᾗ.
247 1758 314 1795 95.
369 1756 542 1793 minime.
585 1753 676 1793 Par.
704 1759 740 1793 1.
763 1757 801 1793 6.
826 1755 865 1792 in
887 1769 976 1792 uno.

177 1824 214 1873 §.
247 1826 315 1862 96.
371 1823 557 1879 orationi.
598 1821 666 1861 Sic
686 1820 776 1861 Par.
802 1826 839 1860 1.
900 1822 1051 1860 actioni
1078 1820 1167 1862 Par.
1193 1829 1230 1864 2.
1260 1840 1338 1864 sec.
1362 1840 1416 1865 m.
1441 1831 1478 1866 6.

176 1892 213 1941 §.
246 1895 312 1929 99.
372 1887 662 1940 distinguendis.
712 1887 780 1928 SIC
812 1887 901 1927 Par.
937 1894 974 1928 1.
1008 1894 1047 1930 2.
1080 1894 1118 1929 6.

176 1959 210 2008 §.
246 1961 338 1995 100.
398 1958 628 1994 voventium.
666 1955 757 1995 Par.
783 1960 820 1994 1.
843 1961 883 1994 2.
906 1955 1194 2011 &fove-atium.

178 2026 216 2074 §.
251 2028 343 2063 101.
405 2021 542 2074 [Nihil
561 2037 612 2061 ex
633 2021 896 2062 codd.l’ariss.
917 2023 966 2061 de
985 2026 1215 2076 importuno
1235 2026 1505 2067 additamento

0 2096 4 2104 '
65 2103 250 2148 quantum
271 2092 426 2144 gustis,
473 2091 582 2144 quod
606 2099 742 2129 tamen
762 2091 1019 2129 manifestum
1041 2100 1097 2130 est
1117 2093 1267 2146 aliquid
1286 2095 1504 2145 continere,

63 2175 143 2214 quo
165 2161 402 2198 constructio
424 2161 635 2197 verborum
650 2160 894 2210 perficiatur3
927 2173 1021 2196 nam
1041 2175 1117 2211 qna
1137 2158 1279 2198 dester-
1297 2170 1351 2198 est
1372 2164 1504 2214 expli-

63 2230 143 2267 ca11
167 2229 281 2266 nullo
312 2235 425 2280 pacto
455 2234 598 2278 potest.
657 2223 818 2276 Conjeci
842 2227 1097 2264 scribendum
1125 2241 1230 2267 esse:
1271 2227 1501 2282 mediusque,

63 2312 142 2350 qua
173 2306 207 2333 et
236 2297 389 2348 quaeris
419 2292 527 2348 (sive
561 2293 805 2346 quaerimus)
833 2292 1040 2342 dexterae,
1092 2302 1137 2332 ut
1164 2296 1233 2332 ille
1260 2303 1390 2346 gestus
1420 2310 1501 2334 nou

63 2366 193 2402 solum
210 2363 342 2400 indice
363 2363 507 2414 digito,
547 2360 615 2399 sed
645 2368 684 2399 et
714 2361 867 2410 medio,
906 2361 998 2412 sed,
1037 2363 1139 2400 sicut
1159 2364 1201 2399 in
1221 2363 1500 2414 interrogando

64 2445 247 2485 quoque,
277 2432 360 2468 sola
379 2443 503 2467 manu
524 2428 686 2467 dextera
700 2459 710 2478 ,
740 2430 824 2467 fieri
845 2429 1007 2467 dicatur.
1065 2427 1147 2468 Neo
1169 2443 1284 2477 sane,
1320 2429 1429 2483 quod
1451 2429 1501 2468 ad

56 2505 149 2537 'rem
168 2500 377 2550 pertineat,
410 2498 605 2548 intelligo,
635 2510 704 2534 cur
723 2510 804 2534 uon
827 2504 865 2534 et
882 2497 1038 2535 medjus
1062 2495 1205 2548 digitus
1227 2495 1277 2533 ad
1298 2510 1500 2534 summum

64 2568 249 2618 pollicem
279 2567 517 2617 applicetur,
558 2577 649 2601 cum
681 2564 725 2600 in
753 2564 906 2615 vulgari
934 2565 1123 2615 scriptura
1156 2561 1321 2602 medium
1342 2579 1500 2615 unguem

62 2632 218 2686 pollicis
249 2635 410 2685 jungere
438 2632 618 2682 jubeatur
644 2631 849 2683 proximus
882 2632 1018 2683 pollici
1053 2631 1221 2683 digitus,
1264 2633 1331 2685 qui
1359 2639 1503 2684 gestus,
