1757 2979
257 154 309 194 ad
336 154 499 208 Quintil.
522 154 655 194 Instit.
690 154 771 206 ΧῙ,
804 160 843 205 1,
866 159 1058 196 87-93.
1111 163 1150 207 2,
1179 162 1341 198 1—31.
1444 166 1523 205 433

189 271 225 322 §.
261 274 326 312 13.
389 285 459 309 con
486 268 581 308 tulit.
624 266 691 308 Sic
711 267 802 309 Par.
828 273 866 307 1.
919 271 989 307 co'n
1016 268 1123 308 undet
1141 268 1229 311 Par.
1251 276 1289 310 2.
1378 274 1521 316 ordine,

79 334 146 376 Sic
168 335 256 377 Par.
280 343 321 377 2.
373 336 523 375 ordinis
544 335 635 375 Par.
661 341 698 376 1.

191 406 226 455 §.
262 409 327 445 15.
386 401 479 443 αἷίο.
519 402 586 443 Sic
606 402 693 443 Par.
717 408 755 443 1.
805 402 875 443 illo
899 402 988 443 Par.
1011 409 1051 443 2.

191 473 226 524 §.
259 476 326 511 17.
386 469 614 510 Simonidis.
653 469 721 510 Sic
741 469 833 510 Par.
858 475 898 510 2.
941 470 1160 510 Simonides
1179 471 1268 512 Par.
1286 479 1322 514 1.
1404 490 1520 520 nota-

77 548 170 578 tum.
210 536 278 578 Sic
297 538 387 579 Par.
414 543 453 577 2.
493 540 644 576 notavit
664 536 753 577 Par.
779 542 817 577 1.
907 537 1074 578 credere.
1117 537 1184 578 Sic
1208 539 1298 581 Par.
1324 548 1360 582 1.
1384 551 1424 585 2.

193 607 230 655 §.
265 611 330 647 18.
388 604 554 644 discunt.
595 603 685 644 Par.
710 610 749 645 2.
774 603 987 645 discuntur.
1075 606 1257 647 notabile.
1304 608 1395 652 Par.
1423 619 1456 653 1.
1480 621 1520 656 2.

80 672 219 712 nobile.

190 741 228 790 §.
260 745 327 780 19.
386 739 704 794 complectuntur.
752 739 843 779 Par,
876 745 913 778 1.
939 745 979 780 2.
1011 739 1289 795 complectitur.
1348 744 1453 796 [Sed
1486 761 1521 788 et

77 808 343 858 ejiciendum,
374 816 419 847 ut
440 809 639 847 sententia
657 808 858 860 procedat.
876 805 908 859 ].
997 807 1140 861 aliquo,
1184 807 1251 849 Sic
1266 808 1357 851 Par.
1386 818 1421 854 1.
1443 821 1482 856 2,

188 876 225 926 §.
255 880 322 915 20.
379 874 574 927 digerunt.
619 874 711 914 I'ar.
750 879 788 913 1.
823 878 868 913 2.
913 873 1090 927 diligere.
1208 880 1325 930 prim.
1357 897 1520 923 sensnm,

74 941 162 984 Par.
186 948 227 983 2.
249 957 326 981 sec.
347 957 404 981 m.
425 943 536 980 addit
556 940 621 980 vel
639 939 779 980 locum.
828 939 929 980 Par:
947 946 984 981 1.
1009 942 1209 984 bellocum.
1306 961 1382 987 sec.
1407 954 1522 992 atrio.

73 1007 164 1047 Par.
190 1014 226 1048 1.
247 1015 286 1048 2.
306 1012 425 1048 inser.
443 1019 553 1062 puta.
639 1009 789 1046 statuis.
830 1006 898 1047 Sic
929 1007 1020 1048 Par.
1040 1015 1079 1050 2.
1129 1021 1254 1049 slatus
1280 1011 1368 1054 Par.
1400 1021 1436 1055 1.

76 1076 208 1116 choro.
254 1075 345 1116 Par.
380 1081 418 1116 1.
453 1081 493 1116 2.
525 1077 646 1115 corio.
726 1074 904 1126 [Chorus
932 1076 1030 1115 adeo
1059 1077 1267 1130 displicet,
1320 1090 1367 1121 ut
1393 1087 1523 1126 multo

75 1146 216 1182 malim
247 1145 395 1183 corium
404 1173 415 1191 ,
463 1145 490 1183 i.
519 1159 553 1183 e.
584 1145 756 1182 exterius
787 1143 992 1197 quoddam
1019 1146 1325 1199 indumentum,
1375 1165 1454 1205 quo
1484 1163 1524 1194 et

74 1219 266 1263 teguntur
288 1219 326 1249 et
348 1213 647 1263 conjunguntur
672 1213 852 1263 singulae
881 1220 1009 1264 partes
1035 1221 1075 1251 et
1091 1217 1203 1267 quasi
1220 1219 1438 1273 membra.]

77 1296 122 1317 ne
141 1288 281 1318 errent.
322 1277 389 1318 Sic
410 1277 501 1318 Par.
524 1284 564 1319 2.
595 1293 672 1317 sec.
697 1293 751 1317 m.
796 1289 958 1317 onerant
979 1278 1067 1318 Par.
1093 1284 1131 1320 1.

188 1346 226 1397 §.
257 1351 325 1385 21.
385 1356 426 1384 ut
446 1345 530 1385 urb.
583 1344 651 1385 Sic
675 1344 767 1385 Par.
797 1349 835 1385 1.
883 1357 917 1384 et
939 1346 1129 1386 u1·b.Pa1-.
1151 1354 1189 1388 2.

189 1414 228 1463 §.
259 1418 326 1453 23.
383 1413 598 1467 pulvinum.
640 1411 732 1452 Par.
761 1416 798 1451 1.
821 1418 862 1453 2.
882 1413 1081 1467 populum.

188 1481 226 1532 §.
261 1482 330 1521 24.
391 1490 591 1534 utcunque.
630 1479 722 1519 Par.
753 1484 789 1518 1.
812 1484 850 1520 2.
880 1490 1096 1534 uirumque.
1183 1482 1304 1524 locus.
1347 1485 1415 1527 Sic
1434 1488 1525 1531 Par,

77 1555 116 1590 2.
137 1564 213 1588 sec.
236 1563 313 1597 m.,
354 1548 423 1586 sed
453 1547 543 1588 Par.
573 1553 610 1588 1.
632 1561 711 1586 om.
797 1546 865 1585 secl
883 1571 939 1577 —-
959 1547 1097 1590 habiti.
1139 1549 1230 1591 Par.
1254 1557 1290 1591 1.
1311 1559 1350 1594 2.
1383 1571 1416 1595 s·
1441 1574 1526 1597 cum

75 1640 132 1648 --
162 1616 309 1655 habitu.
435 1613 790 1668 comprehendetur.
855 1612 924 1654 Sic
961 1614 1054 1655 Par.
1090 1622 1129 1658 2.
1192 1621 1527 1674 comprehenditur

75 1683 167 1724 I'ar.
198 1688 236 1722 1.

188 1755 224 1803 §.
256 1754 326 1790 26.
388 1748 647 1789 Charmadas.
686 1748 774 1790 I’ar.
798 1754 835 1790 1.
859 1755 898 1791 2.
929 1748 1163 1792 Carneades.

191 1820 226 1869 §.
258 1822 328 1859 27.
388 1817 636 1870 distinguent.
684 1816 753 1858 Sic
782 1817 874 1858 Par.
910 1820 948 1857 1.
980 1823 1021 1857 2.
1126 1819 1227 1877 nis:
1256 1833 1285 1863 t.
1316 1833 1418 1866 num'.
1458 1826 1526 1869 Sic

76 1886 167 1927 Par.
193 1891 230 1925 1.
252 1891 291 1925 2.

194 1955 232 2003 §.
263 1956 331 1993 29.
391 1961 432 1990 ut
453 1953 492 1989 si
515 1954 664 1989 erit—
684 1963 809 1990 notae.
853 1951 944 1992 Par.
979 1957 1016 1992 1.
1045 1959 1085 1994 2.
1119 1965 1160 1993 ut
1188 1972 1221 1995 s.
1252 1973 1284 1997 e.
1317 1959 1529 2001 tradendus

81 2021 135 2062 ad
162 2021 201 2061 Ῐι.
231 2038 262 2060 c.
295 2036 334 2073 q.
363 2035 400 2058 a.
426 2018 631 2057 remedium
663 2021 789 2056 utitur
819 2029 860 2057 ut
887 2021 913 2058 i.
947 2036 983 2060 η.
1046 2021 1266 2075 [sufficere
1291 2026 1449 2066 videtur
1479 2031 1528 2068 ad

81 2088 374 2129 restituendum
403 2089 562 2137 locum,
603 2088 638 2124 si
665 2100 736 2138 pro
772 2097 813 2124 ut
839 2091 1056 2139 corrigatur
1093 2101 1182 2141 aut,
1241 2101 1280 2131 et
1311 2110 1456 2148 quoque
1485 2113 1527 2136 co

80 2164 385 2208 transponatur:
438 2164 526 2201 aui,
578 2155 613 2191 si
648 2154 722 2190 erit
751 2153 888 2192 tardus
928 2154 1085 2195 adhoc
1113 2173 1282 2211 quoque,
1330 2177 1371 2198 eo
1402 2162 1531 2202 adhuc

84 2224 250 2263 remedio
271 2233 425 2271 utatur,
467 2231 520 2261 ut.
579 2219 685 2261 Nam
716 2222 823 2273 ipsas
849 2232 962 2260 notas
990 2222 1085 2262 dicit
1106 2234 1309 2277 aspectum
1326 2236 1526 2278 notarum,

82 2307 161 2347 quo
182 2291 376 2329 memoria
400 2287 643 2338 excitetur.]
703 2286 799 2327 Hoc
822 2291 920 2327 enim
943 2300 1010 2328 est.
1045 2290 1136 2332 Par.
1159 2296 1197 2333 1.
1218 2298 1259 2334 2.
1281 2294 1372 2334 hinc
1393 2307 1460 2337 est.

85 2358 280 2399 attendere
300 2359 429 2410 signa.
476 2356 567 2396 I’ar.
602 2361 638 2394 1.
671 2360 710 2395 2.
739 2365 920 2395 attentus.

200 2427 238 2476 §.
272 2430 337 2465 30.
399 2441 468 2463 cur
488 2423 543 2463 id.
583 2422 726 2462 Par-2.
747 2438 825 2463 sec.
846 2438 901 2463 ln.
929 2440 1015 2462 cum
1039 2423 1093 2465 id.
1131 2425 1221 2466 Par.
1239 2433 1327 2469 1,2,
1350 2445 1436 2469 cum
1455 2431 1528 2472 hig·

199 2495 233 2545 ᾗ.
267 2498 335 2533 31.
395 2502 430 2530 et
453 2495 494 2531 in
519 2491 646 2529 Ursis.
687 2489 753 2529 Sic
779 2489 868 2530 Par.
895 2495 932 2530 1.
953 2496 992 2531 2.
1079 2493 1116 2530 si
1133 2517 1189 2523 —
1207 2496 1339 2535 inseri.
1381 2496 1469 2538 Par,
1489 2504 1529 2539 2,

87 2577 164 2601 sec.
184 2576 241 2600 m.
263 2577 294 2599 s.
317 2560 449 2599 debent
468 2562 494 2598 i.
529 2557 620 2598 Par.
648 2562 685 2596 1.
707 2563 746 2597 2.
767 2572 826 2610 pr.
850 2572 906 2598 m.
928 2575 960 2598 S.
984 2558 1091 2596 dehet
1107 2562 1272 2600 misceri.
1332 2562 1392 2615 [E
1411 2569 1534 2605 vesti-

88 2632 161 2682 giis
190 2630 403 2667 mellorum
425 2627 538 2667 codd.
571 2625 825 2665 scribendum
859 2626 1015 2666 videtur
1037 2626 1105 2664 secl
1128 2627 1223 2669 hacc
1246 2620 1379 2669 mise'ri
1404 2633 1530 2671 intell,

138 2710 235 2742 rom.
264 2708 304 2742 V.
989 2692 1022 2731 E
1048 2710 1068 2732 e
