1721 2974
159 150 237 185 262
591 145 860 201 Suppiemenia-
892 149 1152 185 annotationis

161 262 199 298 1.
229 264 269 298 2.
300 257 407 299 Flor.
435 257 526 300 Par.
560 265 600 298 i.
708 269 808 297 recle
827 256 924 313 fac.
972 256 1109 298 Tmic.
1139 257 1324 315 Florfjss
1357 277 1389 300 r.
1492 265 1593 303 irae.

160 324 265 364 verb.
316 325 457 379 Camp.
487 329 606 366 inser.
638 328 687 364 in.
777 324 1062 364 excandescere
1081 329 1202 365 etiam
1221 325 1345 366 Amb.
1368 332 1405 367 1.
1426 333 1466 368 2.
1485 327 1593 370 Flor.

159 390 249 432 Par.
273 397 305 432 1.
328 400 367 433 2.
394 399 432 432 3.
464 395 664 432 omittunt.
751 403 817 430 aut
848 403 998 433 contra.
1049 391 1116 432 Sic
1138 396 1259 433 etiam
1274 393 1400 434 Amb.
1423 399 1462 434 1.
1486 395 1594 436 Flor.

245 472 397 501 contra.
438 461 546 500 Nam
576 471 608 497 et
637 458 809 512 quidam.
856 459 922 499 Sic
954 463 1074 499 etiam
1100 459 1224 500 Amb.
1252 465 1291 501 1.
1312 460 1448 501 Turio.
1472 460 1596 510 Flor.,

160 534 327 582 uterque
360 544 381 567 a
400 543 459 581 pr.
481 542 560 577 m.‚
589 524 730 577 Abu-3
760 525 868 566 Flor.
900 543 922 567 a
954 543 1031 567 sec.
1062 543 1119 567 m.
1151 528 1356 582 quaedam.
1443 539 1519 569 rat.
1540 531 1597 568 ita

160 610 222 647 qu.
270 593 391 635 Amb.
422 601 458 635 1.
488 595 596 634 Flor.
626 594 716 635 Par.
742 598 780 633 1.
801 599 841 634 2.
861 600 900 636 5.
934 605 1010 634 rat.
1042 612 1104 649 qu.
1136 598 1207 635 ita.

272 663 306 713 §.
331 667 395 703 65.
454 661 557 701 valet
577 672 611 701 et
631 661 696 700 ad.
734 658 854 702 Aan.
879 668 915 702 1.
937 678 1015 703 om.
1040 674 1085 701 et.
1171 660 1433 718 refellendum.
1471 659 1594 702 Amb.

164 733 199 767 1.
231 727 338 768 Flor.
369 744 528 784 quoque
559 746 637 783 rep.
725 726 969 770 Probationi.
1017 728 1084 770 Sic
1115 732 1234 768 etiam
1262 728 1369 770 Flor.
1399 728 1524 769 Amb.
1555 735 1595 770 2.

160 795 248 834 Par.
280 802 319 835 2.
358 802 402 835 3.-
458 795 518 836 At
546 796 635 837 Par.
666 801 702 836 1.
729 797 999 850 probationem
1037 812 1211 852 quoque.
1308 799 1360 836 sit
1388 799 1485 836 civis
1517 807 1594 836 aut.

159 861 226 901 Sic
256 866 374 901 etiam
403 861 526 904 Amb.
555 870 596 905 2.
626 863 717 904 Par.
746 868 784 903 1.
810 870 848 904 2.
871 869 909 905 5.
942 863 1054 905 Sich.
1111 867 1162 903 sit
1193 866 1279 918 quis
1309 875 1378 903 aut
1403 863 1512 904 Flor.

157 928 314 982 fite-tus:
357 941 569 986 utrumque.
622 931 690 971 Sic
721 934 840 971 etiam
868 929 990 972 Amb.
1018 937 1053 972 1.
1080 938 1120 972 2.
1150 931 1259 971 Flor.
1288 930 1379 972 Par.
1417 937 1453 971 1.
1485 938 1524 972 2.
1556 936 1595 973 5.

243 996 464 1037 tollendum.-
503 997 627 1038 Amb.
658 1004 694 1038 1.
728 998 932 1039 tollendas.
980 998 1087 1039 Flor.
1115 998 1318 1039 tollendus.
1409 998 1494 1038 Nec
1525 1016 1600 1039 na-

158 1073 217 1102 tus
237 1080 304 1103 nec
320 1064 470 1120 factus·
511 1064 645 1107 Guelf.
671 1080 749 1106 om.
775 1078 886 1105 natus
911 1083 989 1106 nee.
1063 1067 1207 1122 jactus
1228 1077 1296 1106 est.
1335 1065 1413 1106 Fit.
1456 1065 1594 1120 Cmnp.

156 1145 236 1175 om.
267 1143 336 1176 est.

267 1200 303 1250 §.
335 1204 400 1240 66.
460 1200 526 1240 Fit
557 1201 643 1241 hoe.
688 1199 810 1241 Amb.
845 1205 882 1241 1.
914 1200 1048 1241 Turio.
1079 1199 1187 1239 Flor.
1221 1214 1321 1253 apr.
1345 1215 1400 1239 m.
1420 1202 1479 1255 fit
1506 1201 1595 1252 hac,

157 1265 225 1304 sed
263 1265 398 1307 Turio.
431 1283 452 1306 a
481 1284 557 1308 sec.
590 1284 645 1308 m.
676 1268 721 1324 f.
754 1269 848 1308 haec
889 1271 1031 1308 omisso
1070 1270 1305 1321 insequente
1336 1278 1384 1306 et.
1485 1268 1599 1322 idque

159 1343 228 1372 est.
276 1334 384 1375 Jens.
417 1335 542 1376 Amb.
573 1342 613 1377 2.
645 1336 804 1390 ideoque
833 1352 926 1376 cum
955 1335 1066 1376 Sich.
1098 1344 1137 1374 et
1167 1335 1257 1374 edd.
1287 1343 1378 1374 aufe
1408 1333 1504 1375 Ald.
1536 1336 1598 1375 id-

158 1416 231 1453 que
252 1412 301 1441 et.
390 1413 444 1441 est
463 1420 614 1456 argum.
671 1402 804 1445 Guelf.
831 1403 943 1444 Sich.
966 1420 1052 1456 arg.
1075 1413 1142 1441 est.
1231 1405 1448 1442 remotione.
1488 1403 1596 1442 Flor.

158 1465 284 1508 Amb.
307 1475 346 1510 2.
377 1469 498 1510 Bern.
531 1474 746 1511 remotiore.
834 1471 876 1510 id
899 1471 1016 1526 quod.
1064 1470 1172 1512 Jens.
1205 1478 1243 1508 et
1273 1470 1362 1509 edd.
1384 1480 1475 1509 ante
1500 1468 1596 1512 Ald.

135 1533 200 1574 ‚id
240 1551 328 1589 quo.
459 1536 710 1592 relinquitur.
759 1538 866 1578 Flor.
899 1554 921 1578 a
949 1554 1009 1591 pr.
1040 1553 1096 1577 m.
1142 1536 1368 1591 reliquitur,
1409 1539 1598 1594 additque

158 1616 251 1641 cum
281 1603 406 1644 Amb.
439 1610 477 1644 1.
509 1604 649 1644 Turio.
677 1605 723 1643 de
754 1606 826 1645 hoc
845 1616 932 1644 ante
956 1621 1100 1644 verum.
1190 1603 1400 1643 credidisse
1421 1616 1456 1643 te
1476 1606 1599 1648 dicis:

158 1679 239 1710 aut.
291 1669 414 1711 Aan.
452 1677 487 1711 1.
522 1671 658 1711 Turio.
690 1687 711 1710 a
736 1687 795 1724 pr.
815 1687 870 1711 m.
900 1671 1008 1711 Flor.
1041 1682 1067 1710 a'
1082 1687 1140 1724 pr.
1159 1687 1215 1710 111.
1248 1671 1473 1711 credidisset
1498 1679 1599 1713 enim

159 1747 240 1776 aaa.
289 1736 424 1778 Turio.
459 1754 479 1777 a
504 1742 583 1778 sec.
604 1755 660 1779 m.
685 1738 886 1778 credidisti
904 1755 935 1778 e.
959 1755 995 1778 a.
1051 1739 1159 1779 Jens.
1194 1748 1232 1777 et
1262 1739 1350 1778 edd.
1376 1754 1487 1779 meae
1507 1752 1598 1782 ante

158 1801 300 1844 Bul-m.
323 1820 459 1847 omnes
480 1817 517 1844 ie
537 1805 636 1845 cred.
659 1805 696 1846 d.
721 1823 758 1846 a.
847 1808 1084 1860 surripuisti.
1125 1803 1246 1844 Amb.
1271 1810 1308 1845 1.
1330 1805 1467 1846 Turio.
1490 1807 1597 1849 Flor.

158 1868 268 1912 Ahn.
305 1876 491 1927 eripuisti.
578 1872 625 1911 Si
644 1890 774 1927 neque.
825 1870 947 1912 Amb.
971 1878 1006 1912 1.
1030 1872 1165 1912 Turio.
1192 1870 1302 1911 Alm.
1322 1871 1460 1927 Camp.
1483 1880 1602 1915 omit-

158 1946 250 1979 tunt
278 1942 324 1978 si.
375 1938 497 1980 Amb.
530 1946 570 1980 2.
602 1943 683 1979 sine
711 1957 799 1995 quo.
887 1956 1004 1993 neque
1025 1939 1087 1978 ab.
1132 1937 1254 1978 Goth.
1289 1956 1356 1978 nec
1382 1942 1445 1981 ab.
1534 1961 1602 1984 nec

159 2017 300 2046 cetera.
359 2006 426 2048 Sic
459 2011 581 2048 etiam
609 2006 730 2048 Amb.
765 2012 802 2046 1.
833 2006 940 2046 Flor.
972 2006 1061 2046 Par.
1092 2011 1128 2045 1.

272 2075 307 2125 §.
338 2079 403 2115 67.
451 2078 521 2130 fit.
563 2074 686 2115 Bern.
708 2074 828 2114 Voss.
852 2080 891 2114 3.
913 2073 1051 2126 Camp.
1070 2076 1134 2113 sit.
1219 2089 1348 2113 verum
1366 2079 1436 2115 sie..
1473 2076 1598 2118 Amb.

164 2145 202 2179 1.
234 2139 367 2181 Turio.
396 2140 506 2183 Alm.
539 2142 678 2197 Camp.
711 2140 843 2183 Guelf.
873 2140 998 2183 Amb.
1019 2148 1059 2182 2.
1090 2140 1212 2183 Bern,
1233 2141 1351 2182 Voss.
1375 2147 1412 2182 1.
1435 2148 1473 2183 3.
1501 2141 1599 2185 Ald.

159 2222 291 2247 verum
320 2212 368 2249 si.
427 2210 534 2250 Flor.
566 2226 588 2249 a
609 2226 669 2264 pr.
694 2224 750 2249 m.
782 2209 937 2248 verbum
968 2210 1016 2248 si.
1116 2208 1203 2248 Hic
1231 2224 1374 2249 servus.
1412 2207 1509 2250 Ald.
1533 2215 1601 2250 in-

157 2288 232 2314 ser.
266 2287 333 2316 est,
421 2288 488 2317 aut
516 2294 649 2317 verna.
697 2274 819 2317 Amb.
853 2281 890 2316 1.
923 2285 966 2314 ut
995 2291 1033 2315 v.
1083 2274 1205 2316 Bern.
1237 2276 1355 2316 Voss.
1391 2281 1428 2316 3.
1462 2276 1600 2331 Camp.

157 2344 212 2379 sit
243 2358 373 2384 verna.

272 2413 307 2462 §.
341 2414 407 2451 68.
465 2409 568 2463 quod
601 2409 682 2450 Cic.
733 2409 842 2450 Jens.
875 2419 913 2449 et
941 2409 1030 2450 edd.
1065 2418 1156 2450 ante
1177 2407 1273 2450 Ald.
1300 2409 1381 2450 Cic.
1403 2411 1517 2464 quod.

165 2474 342 2515 Corinna.
388 2477 494 2516 Flor.
525 2475 647 2517 Amb.
673 2483 712 2517 2.
750 2476 904 2517 Cecina.
963 2474 1084 2517 Goth.
1121 2476 1299 2517 Cicenna.
1400 2490 1601 2532 ponentur.

161 2540 297 2582 Turio.
325 2558 345 2582 a
368 2559 425 2597 pr.
447 2559 502 2583 m.
528 2543 632 2584 Flor.
657 2543 764 2584 Alm.
783 2555 1027 2598 ponerentur.
1116 2546 1289 2584 tenuisse.
1333 2544 1467 2585 Turio.
1490 2544 1600 2585 Alm.

162 2607 301 2662 camp,
320 2614 560 2650 'tenuissima
649 2612 838 2667 sufficiat.
871 2610 1008 2651 Turic-
1028 2610 1132 2651 Flor.
1156 2609 1268 2651 Ahn.
1293 2611 1446 2666 Camp„
1469 2613 1601 2653 Guelf.
