<?xml version="1.0" encoding="UTF-8"?>
<!DOCTYPE html PUBLIC "-//W3C//DTD XHTML 1.0 Transitional//EN"
    "http://www.w3.org/TR/xhtml1/DTD/xhtml1-transitional.dtd">
<html xmlns="http://www.w3.org/1999/xhtml" xml:lang="en" lang="en">
 <head>
  <title>
</title>
<meta http-equiv="Content-Type" content="text/html;charset=utf-8" />
  <meta name='ocr-system' content='tesseract 3.04.00' />
  <meta name='ocr-capabilities' content='ocr_page ocr_carea ocr_par ocr_line ocrx_word'/>
</head>
<body>
  <div class='ocr_page' id='page_1' title='image "./deinstitutioneor05quinuoft_0116.png"; bbox 0 0 1721 2974; ppageno 0'>
   <div class='ocr_carea' id='block_1_1' title="bbox 173 131 1178 187">
    <p class='ocr_par' dir='ltr' id='par_1_1' title="bbox 173 131 1178 187">
     <span class='ocr_line' id='line_1_1' title="bbox 173 131 1178 187; baseline -0.001 -15"><span class='ocrx_word' id='word_1_1' title='bbox 173 137 224 174; x_wconf 82' lang='grc'><strong>84</strong></span> <span class='ocrx_word' id='word_1_2' title='bbox 611 131 885 187; x_wconf 70' lang='lat' dir='ltr'><strong>Supplcmcnla</strong></span> <span class='ocrx_word' id='word_1_3' title='bbox 915 133 1178 171; x_wconf 74' lang='lat' dir='ltr'><strong>annotationis</strong></span> 
     </span>
    </p>
   </div>
   <div class='ocr_carea' id='block_1_2' title="bbox 161 242 1694 1979">
    <p class='ocr_par' dir='ltr' id='par_1_2' title="bbox 174 242 1619 365">
     <span class='ocr_line' id='line_1_2' title="bbox 287 242 1619 298; baseline 0.001 -13"><span class='ocrx_word' id='word_1_4' title='bbox 287 248 321 298; x_wconf 86' lang='lat'><strong>§.</strong></span> <span class='ocrx_word' id='word_1_5' title='bbox 353 250 419 286; x_wconf 89' lang='lat'><strong>20.</strong></span> <span class='ocrx_word' id='word_1_6' title='bbox 481 255 536 284; x_wconf 75' lang='lat' dir='ltr'><strong>est</strong></span> <span class='ocrx_word' id='word_1_7' title='bbox 575 248 684 285; x_wconf 79' lang='lat' dir='ltr'><strong>satis.</strong></span> <span class='ocrx_word' id='word_1_8' title='bbox 750 248 848 284; x_wconf 69' lang='lat' dir='ltr'><em>satis</em></span> <span class='ocrx_word' id='word_1_9' title='bbox 883 255 938 282; x_wconf 81' lang='lat' dir='ltr'><strong>cst</strong></span> <span class='ocrx_word' id='word_1_10' title='bbox 976 243 1084 285; x_wconf 84' lang='lat' dir='ltr'><strong>Flor.</strong></span> <span class='ocrx_word' id='word_1_11' title='bbox 1127 242 1262 286; x_wconf 79' lang='lat' dir='ltr'><strong>Guels.</strong></span> <span class='ocrx_word' id='word_1_12' title='bbox 1304 243 1427 287; x_wconf 84' lang='lat' dir='ltr'><strong>Goth.</strong></span> <span class='ocrx_word' id='word_1_13' title='bbox 1551 247 1619 287; x_wconf 71' lang='lat' dir='ltr'><strong>secl</strong></span> 
     </span>
     <span class='ocr_line' id='line_1_3' title="bbox 174 312 762 365; baseline 0 -13"><span class='ocrx_word' id='word_1_14' title='bbox 174 317 301 354; x_wconf 75' lang='lat' dir='ltr'><strong>eliam.</strong></span> <span class='ocrx_word' id='word_1_15' title='bbox 360 314 476 352; x_wconf 77' lang='lat' dir='ltr'><em>ctiam</em></span> <span class='ocrx_word' id='word_1_16' title='bbox 508 327 587 352; x_wconf 90' lang='lat' dir='ltr'><strong>om.</strong></span> <span class='ocrx_word' id='word_1_17' title='bbox 620 312 762 365; x_wconf 80' lang='lat' dir='ltr'><strong>Camp.</strong></span> 
     </span>
    </p>

    <p class='ocr_par' dir='ltr' id='par_1_3' title="bbox 173 378 1617 638">
     <span class='ocr_line' id='line_1_4' title="bbox 286 378 1614 434; baseline 0.002 -16"><span class='ocrx_word' id='word_1_18' title='bbox 286 383 321 433; x_wconf 58' lang='grc' dir='ltr'><strong>ξ.</strong></span> <span class='ocrx_word' id='word_1_19' title='bbox 353 385 419 421; x_wconf 83' lang='lat'><strong>21.</strong></span> <span class='ocrx_word' id='word_1_20' title='bbox 482 396 526 417; x_wconf 79' lang='lat' dir='ltr'><strong>ne</strong></span> <span class='ocrx_word' id='word_1_21' title='bbox 555 384 645 434; x_wconf 77' lang='lat' dir='ltr'><em>quis</em></span> <span class='ocrx_word' id='word_1_22' title='bbox 675 396 748 418; x_wconf 84' lang='lat' dir='ltr'><strong>cos.</strong></span> <span class='ocrx_word' id='word_1_23' title='bbox 808 395 853 418; x_wconf 79' lang='lat' dir='ltr'><strong>ne</strong></span> <span class='ocrx_word' id='word_1_24' title='bbox 881 396 917 433; x_wconf 85' lang='lat' dir='ltr'><strong>q.</strong></span> <span class='ocrx_word' id='word_1_25' title='bbox 947 395 1078 419; x_wconf 79' lang='lat' dir='ltr'><strong><em>corum</em></strong></span> <span class='ocrx_word' id='word_1_26' title='bbox 1105 381 1228 418; x_wconf 78' lang='lat' dir='ltr'><strong>etiam</strong></span> <span class='ocrx_word' id='word_1_27' title='bbox 1254 378 1391 421; x_wconf 80' lang='lat' dir='ltr'><strong>Turio.</strong></span> <span class='ocrx_word' id='word_1_28' title='bbox 1418 395 1440 419; x_wconf 87' lang='lat' dir='ltr'>a</span> <span class='ocrx_word' id='word_1_29' title='bbox 1460 395 1538 421; x_wconf 88' lang='lat' dir='ltr'><strong>sec.</strong></span> <span class='ocrx_word' id='word_1_30' title='bbox 1559 396 1614 421; x_wconf 90' lang='lat' dir='ltr'><strong>m.</strong></span> 
     </span>
     <span class='ocr_line' id='line_1_5' title="bbox 175 445 1505 502; baseline -0.003 -11"><span class='ocrx_word' id='word_1_31' title='bbox 175 449 315 502; x_wconf 80' lang='lat' dir='ltr'><strong>Camp.</strong></span> <span class='ocrx_word' id='word_1_32' title='bbox 349 447 462 488; x_wconf 86' lang='lat' dir='ltr'><strong>Sich.</strong></span> <span class='ocrx_word' id='word_1_33' title='bbox 579 446 646 485; x_wconf 75' lang='lat' dir='ltr'><strong>secl</strong></span> <span class='ocrx_word' id='word_1_34' title='bbox 678 448 834 486; x_wconf 78' lang='lat' dir='ltr'><strong>nostris.</strong></span> <span class='ocrx_word' id='word_1_35' title='bbox 893 446 961 484; x_wconf 76' lang='lat' dir='ltr'><strong>secl</strong></span> <span class='ocrx_word' id='word_1_36' title='bbox 987 462 1066 486; x_wconf 90' lang='lat' dir='ltr'><strong>om.</strong></span> <span class='ocrx_word' id='word_1_37' title='bbox 1098 445 1218 485; x_wconf 82' lang='lat' dir='ltr'><strong>Amb.</strong></span> <span class='ocrx_word' id='word_1_38' title='bbox 1251 451 1288 486; x_wconf 81' lang='lat'><strong>1.</strong></span> <span class='ocrx_word' id='word_1_39' title='bbox 1321 461 1343 485; x_wconf 81' lang='lat' dir='ltr'>a</span> <span class='ocrx_word' id='word_1_40' title='bbox 1369 462 1427 500; x_wconf 86' lang='lat' dir='ltr'><strong>pr.</strong></span> <span class='ocrx_word' id='word_1_41' title='bbox 1450 462 1505 488; x_wconf 89' lang='lat' dir='ltr'><strong>m.</strong></span> 
     </span>
     <span class='ocr_line' id='line_1_6' title="bbox 173 511 1617 556; baseline 0.001 -1"><span class='ocrx_word' id='word_1_42' title='bbox 173 517 314 556; x_wconf 68' lang='lat' dir='ltr'><strong>aliena.</strong></span> <span class='ocrx_word' id='word_1_43' title='bbox 374 514 504 554; x_wconf 82' lang='lat' dir='ltr'><em>aliena</em></span> <span class='ocrx_word' id='word_1_44' title='bbox 531 525 585 552; x_wconf 75' lang='lat' dir='ltr'><strong>cst</strong></span> <span class='ocrx_word' id='word_1_45' title='bbox 616 516 738 552; x_wconf 76' lang='lat' dir='ltr'>etIam</span> <span class='ocrx_word' id='word_1_46' title='bbox 775 512 911 553; x_wconf 82' lang='lat' dir='ltr'><strong>Turio.</strong></span> <span class='ocrx_word' id='word_1_47' title='bbox 947 512 1050 554; x_wconf 87' lang='lat' dir='ltr'><strong>Flor.</strong></span> <span class='ocrx_word' id='word_1_48' title='bbox 1079 511 1202 553; x_wconf 85' lang='lat' dir='ltr'><strong>Amb.</strong></span> <span class='ocrx_word' id='word_1_49' title='bbox 1233 518 1271 553; x_wconf 87' lang='lat'><strong>1.</strong></span> <span class='ocrx_word' id='word_1_50' title='bbox 1300 518 1341 555; x_wconf 83' lang='lat'><strong>2.</strong></span> <span class='ocrx_word' id='word_1_51' title='bbox 1372 513 1498 555; x_wconf 77' lang='lat' dir='ltr'><strong>PariS.</strong></span> <span class='ocrx_word' id='word_1_52' title='bbox 1520 520 1557 555; x_wconf 93' lang='lat'><strong>1.</strong></span> <span class='ocrx_word' id='word_1_53' title='bbox 1579 518 1617 556; x_wconf 89' lang='grc'><strong>5.</strong></span> 
     </span>
     <span class='ocr_line' id='line_1_7' title="bbox 175 579 1285 638; baseline -0.002 -16"><span class='ocrx_word' id='word_1_54' title='bbox 175 583 313 638; x_wconf 76' lang='lat' dir='ltr'><strong>Camp.</strong></span> <span class='ocrx_word' id='word_1_55' title='bbox 428 581 668 621; x_wconf 74' lang='lat' dir='ltr'><strong>videbuntur.</strong></span> <span class='ocrx_word' id='word_1_56' title='bbox 724 579 956 620; x_wconf 75' lang='lat' dir='ltr'><strong><em>videbantur</em></strong></span> <span class='ocrx_word' id='word_1_57' title='bbox 982 581 1088 621; x_wconf 83' lang='lat' dir='ltr'><strong>Flor.</strong></span> <span class='ocrx_word' id='word_1_58' title='bbox 1109 596 1131 619; x_wconf 84' lang='lat' dir='ltr'>a</span> <span class='ocrx_word' id='word_1_59' title='bbox 1149 596 1207 633; x_wconf 78' lang='lat' dir='ltr'><strong>pr.</strong></span> <span class='ocrx_word' id='word_1_60' title='bbox 1231 595 1285 620; x_wconf 88' lang='lat' dir='ltr'><strong>m.</strong></span> 
     </span>
    </p>

    <p class='ocr_par' dir='ltr' id='par_1_4' title="bbox 170 646 1618 838">
     <span class='ocr_line' id='line_1_8' title="bbox 283 646 1617 703; baseline -0.002 -13"><span class='ocrx_word' id='word_1_61' title='bbox 283 653 318 702; x_wconf 54' lang='grc' dir='ltr'><strong>ᾧ.</strong></span> <span class='ocrx_word' id='word_1_62' title='bbox 343 655 410 690; x_wconf 90' lang='grc'><strong>22.</strong></span> <span class='ocrx_word' id='word_1_63' title='bbox 471 648 675 686; x_wconf 77' lang='lat' dir='ltr'><strong>diversum.</strong></span> <span class='ocrx_word' id='word_1_64' title='bbox 724 646 930 686; x_wconf 73' lang='lat' dir='ltr'><strong><em>adversum</em></strong></span> <span class='ocrx_word' id='word_1_65' title='bbox 959 647 1101 701; x_wconf 85' lang='lat' dir='ltr'><strong>Camp.</strong></span> <span class='ocrx_word' id='word_1_66' title='bbox 1134 663 1228 686; x_wconf 88' lang='lat' dir='ltr'><strong>cum</strong></span> <span class='ocrx_word' id='word_1_67' title='bbox 1255 646 1388 687; x_wconf 85' lang='lat' dir='ltr'><strong>Andr.</strong></span> <span class='ocrx_word' id='word_1_68' title='bbox 1504 648 1617 703; x_wconf 72' lang='lat' dir='ltr'><em>volu-</em></span> 
     </span>
     <span class='ocr_line' id='line_1_9' title="bbox 170 712 1618 772; baseline -0.001 -15"><span class='ocrx_word' id='word_1_69' title='bbox 170 729 279 772; x_wconf 68' lang='lat' dir='ltr'><strong>ptate</strong></span> <span class='ocrx_word' id='word_1_70' title='bbox 303 716 471 771; x_wconf 73' lang='lat' dir='ltr'><em>quadam</em></span> <span class='ocrx_word' id='word_1_71' title='bbox 493 730 633 768; x_wconf 77' lang='lat' dir='ltr'><strong>prava.</strong></span> <span class='ocrx_word' id='word_1_72' title='bbox 693 714 864 767; x_wconf 72' lang='lat' dir='ltr'><strong><em>quadam</em></strong></span> <span class='ocrx_word' id='word_1_73' title='bbox 885 718 1013 755; x_wconf 72' lang='lat' dir='ltr'><strong>omitt.</strong></span> <span class='ocrx_word' id='word_1_74' title='bbox 1045 715 1181 754; x_wconf 82' lang='lat' dir='ltr'><strong>Turio.</strong></span> <span class='ocrx_word' id='word_1_75' title='bbox 1210 713 1317 753; x_wconf 85' lang='lat' dir='ltr'><strong>Flor.</strong></span> <span class='ocrx_word' id='word_1_76' title='bbox 1351 712 1474 754; x_wconf 83' lang='lat' dir='ltr'><strong>Aan.</strong></span> <span class='ocrx_word' id='word_1_77' title='bbox 1508 721 1546 756; x_wconf 87' lang='lat'><strong>1.</strong></span> <span class='ocrx_word' id='word_1_78' title='bbox 1578 722 1618 756; x_wconf 85' lang='lat'><strong>2.</strong></span> 
     </span>
     <span class='ocr_line' id='line_1_10' title="bbox 171 779 1616 838; baseline -0.001 -14"><span class='ocrx_word' id='word_1_79' title='bbox 171 786 312 838; x_wconf 82' lang='lat' dir='ltr'><strong>Camp.</strong></span> <span class='ocrx_word' id='word_1_80' title='bbox 334 783 445 824; x_wconf 85' lang='lat' dir='ltr'><strong>Sich.</strong></span> <span class='ocrx_word' id='word_1_81' title='bbox 561 781 810 820; x_wconf 74' lang='lat' dir='ltr'><strong>deliniantur.</strong></span> <span class='ocrx_word' id='word_1_82' title='bbox 859 780 1103 820; x_wconf 68' lang='lat' dir='ltr'><em>declinamur</em></span> <span class='ocrx_word' id='word_1_83' title='bbox 1137 780 1275 820; x_wconf 78' lang='lat' dir='ltr'><strong>Turio.</strong></span> <span class='ocrx_word' id='word_1_84' title='bbox 1298 796 1321 820; x_wconf 89' lang='lat' dir='ltr'>a</span> <span class='ocrx_word' id='word_1_85' title='bbox 1338 797 1397 834; x_wconf 87' lang='lat' dir='ltr'><strong>pr.</strong></span> <span class='ocrx_word' id='word_1_86' title='bbox 1417 796 1471 820; x_wconf 90' lang='lat' dir='ltr'><strong>m.</strong></span> <span class='ocrx_word' id='word_1_87' title='bbox 1493 779 1616 822; x_wconf 85' lang='lat' dir='ltr'><strong>Goth.</strong></span> 
     </span>
    </p>

    <p class='ocr_par' dir='ltr' id='par_1_5' title="bbox 251 846 1256 907">
     <span class='ocr_line' id='line_1_11' title="bbox 251 846 1256 907; baseline -0.004 -15"><span class='ocrx_word' id='word_1_88' title='bbox 251 865 292 892; x_wconf 74' lang='lat' dir='ltr'><strong>ut</strong></span> <span class='ocrx_word' id='word_1_89' title='bbox 315 849 536 907; x_wconf 67' lang='lat' dir='ltr'><strong>praedulce.</strong></span> <span class='ocrx_word' id='word_1_90' title='bbox 597 859 664 888; x_wconf 78' lang='lat' dir='ltr'><strong>aut</strong></span> <span class='ocrx_word' id='word_1_91' title='bbox 691 848 828 903; x_wconf 69' lang='lat' dir='ltr'><strong>praed.</strong></span> <span class='ocrx_word' id='word_1_92' title='bbox 856 846 979 888; x_wconf 88' lang='lat' dir='ltr'><strong>Amb.</strong></span> <span class='ocrx_word' id='word_1_93' title='bbox 1007 853 1044 887; x_wconf 77' lang='lat'><strong>1.</strong></span> <span class='ocrx_word' id='word_1_94' title='bbox 1071 863 1095 887; x_wconf 82' lang='lat' dir='ltr'>a</span> <span class='ocrx_word' id='word_1_95' title='bbox 1117 864 1177 901; x_wconf 85' lang='lat' dir='ltr'><strong>pr.</strong></span> <span class='ocrx_word' id='word_1_96' title='bbox 1201 863 1256 888; x_wconf 88' lang='lat' dir='ltr'><strong>m.</strong></span> 
     </span>
    </p>

    <p class='ocr_par' dir='ltr' id='par_1_6' title="bbox 169 913 1618 1040">
     <span class='ocr_line' id='line_1_12' title="bbox 283 913 1618 970; baseline -0.003 -10"><span class='ocrx_word' id='word_1_97' title='bbox 283 922 320 970; x_wconf 85' lang='lat'><strong>§.</strong></span> <span class='ocrx_word' id='word_1_98' title='bbox 350 924 417 960; x_wconf 84' lang='lat'><strong>23.</strong></span> <span class='ocrx_word' id='word_1_99' title='bbox 478 926 606 956; x_wconf 70' lang='lat' dir='ltr'><strong><em>noster</em></strong></span> <span class='ocrx_word' id='word_1_100' title='bbox 637 916 714 957; x_wconf 75' lang='lat' dir='ltr'><strong>hic.</strong></span> <span class='ocrx_word' id='word_1_101' title='bbox 772 917 836 956; x_wconf 73' lang='lat' dir='ltr'><strong>hic</strong></span> <span class='ocrx_word' id='word_1_102' title='bbox 859 926 958 956; x_wconf 85' lang='lat' dir='ltr'><strong>nost.</strong></span> <span class='ocrx_word' id='word_1_103' title='bbox 990 913 1126 956; x_wconf 86' lang='lat' dir='ltr'><strong>Guelf.</strong></span> <span class='ocrx_word' id='word_1_104' title='bbox 1243 915 1406 955; x_wconf 79' lang='lat' dir='ltr'><strong>deterso.</strong></span> <span class='ocrx_word' id='word_1_105' title='bbox 1465 915 1618 956; x_wconf 74' lang='lat' dir='ltr'><strong><em>detruso</em></strong></span> 
     </span>
     <span class='ocr_line' id='line_1_13' title="bbox 169 989 309 1040; baseline -0.014 -11"><span class='ocrx_word' id='word_1_106' title='bbox 169 989 309 1040; x_wconf 85' lang='lat' dir='ltr'><strong>Camp.</strong></span> 
     </span>
    </p>

    <p class='ocr_par' dir='ltr' id='par_1_7' title="bbox 166 1047 1694 1242">
     <span class='ocr_line' id='line_1_14' title="bbox 279 1047 1694 1106; baseline -0.004 -13"><span class='ocrx_word' id='word_1_107' title='bbox 279 1056 316 1104; x_wconf 85' lang='lat'><strong>§.</strong></span> <span class='ocrx_word' id='word_1_108' title='bbox 351 1054 419 1093; x_wconf 87' lang='grc'><strong>24.</strong></span> <span class='ocrx_word' id='word_1_109' title='bbox 480 1051 616 1106; x_wconf 78' lang='lat' dir='ltr'><strong><em>Neque</em></strong></span> <span class='ocrx_word' id='word_1_110' title='bbox 637 1052 748 1089; x_wconf 80' lang='lat' dir='ltr'><strong>enim.</strong></span> <span class='ocrx_word' id='word_1_111' title='bbox 805 1047 868 1089; x_wconf 90' lang='lat' dir='ltr'><strong>Ita</strong></span> <span class='ocrx_word' id='word_1_112' title='bbox 890 1052 1012 1089; x_wconf 71' lang='lat' dir='ltr'><strong>etiam</strong></span> <span class='ocrx_word' id='word_1_113' title='bbox 1035 1048 1134 1088; x_wconf 80' lang='lat' dir='ltr'><strong>Tur.</strong></span> <span class='ocrx_word' id='word_1_114' title='bbox 1154 1047 1262 1089; x_wconf 85' lang='lat' dir='ltr'><strong>Flor.</strong></span> <span class='ocrx_word' id='word_1_115' title='bbox 1291 1048 1431 1104; x_wconf 77' lang='lat' dir='ltr'><strong>Camp.</strong></span> <span class='ocrx_word' id='word_1_116' title='bbox 1549 1050 1621 1089; x_wconf 73' lang='lat' dir='ltr'><strong>secl</strong></span> <span class='ocrx_word' id='word_1_117' title='bbox 1688 1047 1694 1060; x_wconf 67' lang='lat'><em>¹</em></span> 
     </span>
     <span class='ocr_line' id='line_1_15' title="bbox 167 1114 1620 1172; baseline -0.003 -11"><span class='ocrx_word' id='word_1_118' title='bbox 167 1121 331 1162; x_wconf 67' lang='lat' dir='ltr'><strong>dicendi.</strong></span> <span class='ocrx_word' id='word_1_119' title='bbox 390 1119 457 1159; x_wconf 78' lang='lat' dir='ltr'><strong>secl</strong></span> <span class='ocrx_word' id='word_1_120' title='bbox 481 1134 561 1159; x_wconf 87' lang='lat' dir='ltr'><strong>om.</strong></span> <span class='ocrx_word' id='word_1_121' title='bbox 584 1116 719 1158; x_wconf 81' lang='lat' dir='ltr'><strong>Guelf.</strong></span> <span class='ocrx_word' id='word_1_122' title='bbox 746 1114 870 1156; x_wconf 86' lang='lat' dir='ltr'><strong>Amb.</strong></span> <span class='ocrx_word' id='word_1_123' title='bbox 890 1123 929 1157; x_wconf 92' lang='lat'><strong>2.</strong></span> <span class='ocrx_word' id='word_1_124' title='bbox 954 1130 1046 1155; x_wconf 87' lang='lat' dir='ltr'><strong>cum</strong></span> <span class='ocrx_word' id='word_1_125' title='bbox 1069 1115 1186 1156; x_wconf 86' lang='lat' dir='ltr'><strong>Voss.</strong></span> <span class='ocrx_word' id='word_1_126' title='bbox 1211 1122 1248 1156; x_wconf 85' lang='lat'><strong>3.</strong></span> <span class='ocrx_word' id='word_1_127' title='bbox 1271 1116 1393 1158; x_wconf 89' lang='lat' dir='ltr'><strong>Bern.</strong></span> <span class='ocrx_word' id='word_1_128' title='bbox 1508 1134 1620 1172; x_wconf 82' lang='lat' dir='ltr'><strong>supe-</strong></span> 
     </span>
     <span class='ocr_line' id='line_1_16' title="bbox 166 1183 1504 1242; baseline -0.004 -14"><span class='ocrx_word' id='word_1_129' title='bbox 166 1200 317 1230; x_wconf 79' lang='lat' dir='ltr'><strong>rarunt.</strong></span> <span class='ocrx_word' id='word_1_130' title='bbox 377 1195 655 1242; x_wconf 80' lang='lat' dir='ltr'><strong>superaverunt</strong></span> <span class='ocrx_word' id='word_1_131' title='bbox 685 1183 809 1224; x_wconf 70' lang='lat' dir='ltr'><strong>Goth.</strong></span> <span class='ocrx_word' id='word_1_132' title='bbox 834 1199 928 1223; x_wconf 89' lang='lat' dir='ltr'><strong>cum</strong></span> <span class='ocrx_word' id='word_1_133' title='bbox 948 1183 1056 1224; x_wconf 82' lang='lat' dir='ltr'><strong>Jens.</strong></span> <span class='ocrx_word' id='word_1_134' title='bbox 1079 1194 1117 1224; x_wconf 85' lang='lat' dir='ltr'><strong>et</strong></span> <span class='ocrx_word' id='word_1_135' title='bbox 1138 1194 1239 1238; x_wconf 80' lang='lat' dir='ltr'><strong>post.</strong></span> <span class='ocrx_word' id='word_1_136' title='bbox 1262 1194 1353 1224; x_wconf 86' lang='lat' dir='ltr'><strong>ante</strong></span> <span class='ocrx_word' id='word_1_137' title='bbox 1374 1184 1504 1225; x_wconf 82' lang='lat' dir='ltr'><strong>Stoer.</strong></span> 
     </span>
    </p>

    <p class='ocr_par' dir='ltr' id='par_1_8' title="bbox 166 1249 1618 1512">
     <span class='ocr_line' id='line_1_17' title="bbox 279 1249 1504 1308; baseline -0.002 -12"><span class='ocrx_word' id='word_1_138' title='bbox 279 1258 317 1307; x_wconf 87' lang='lat'><strong>§.</strong></span> <span class='ocrx_word' id='word_1_139' title='bbox 350 1261 418 1296; x_wconf 87' lang='lat'><strong>25.</strong></span> <span class='ocrx_word' id='word_1_140' title='bbox 480 1270 612 1308; x_wconf 81' lang='lat' dir='ltr'><strong>nuper.</strong></span> <span class='ocrx_word' id='word_1_141' title='bbox 673 1268 821 1306; x_wconf 79' lang='lat' dir='ltr'><strong><em>semper</em></strong></span> <span class='ocrx_word' id='word_1_142' title='bbox 851 1249 1007 1305; x_wconf 87' lang='lat' dir='ltr'><strong>Gryph.</strong></span> <span class='ocrx_word' id='word_1_143' title='bbox 1038 1251 1181 1306; x_wconf 87' lang='lat' dir='ltr'><strong>Steph.</strong></span> <span class='ocrx_word' id='word_1_144' title='bbox 1211 1268 1304 1293; x_wconf 89' lang='lat' dir='ltr'><strong>cum</strong></span> <span class='ocrx_word' id='word_1_145' title='bbox 1323 1252 1441 1293; x_wconf 89' lang='lat' dir='ltr'><strong>Voss.</strong></span> <span class='ocrx_word' id='word_1_146' title='bbox 1467 1258 1504 1294; x_wconf 88' lang='lat'><strong>1.</strong></span> 
     </span>
     <span class='ocr_line' id='line_1_18' title="bbox 166 1318 1618 1380; baseline -0.003 -16"><span class='ocrx_word' id='word_1_147' title='bbox 166 1324 310 1380; x_wconf 70' lang='lat' dir='ltr'><strong>quidni.</strong></span> <span class='ocrx_word' id='word_1_148' title='bbox 369 1322 523 1377; x_wconf 78' lang='lat' dir='ltr'><em>quidem</em></span> <span class='ocrx_word' id='word_1_149' title='bbox 554 1320 669 1361; x_wconf 82' lang='lat' dir='ltr'><strong>Cerv.</strong></span> <span class='ocrx_word' id='word_1_150' title='bbox 702 1318 814 1359; x_wconf 82' lang='lat' dir='ltr'><strong>Sich.</strong></span> <span class='ocrx_word' id='word_1_151' title='bbox 846 1328 885 1357; x_wconf 87' lang='lat' dir='ltr'><strong>et</strong></span> <span class='ocrx_word' id='word_1_152' title='bbox 915 1321 1018 1357; x_wconf 82' lang='lat' dir='ltr'>aliae</span> <span class='ocrx_word' id='word_1_153' title='bbox 1051 1320 1141 1360; x_wconf 87' lang='lat' dir='ltr'><strong>edd.</strong></span> <span class='ocrx_word' id='word_1_154' title='bbox 1174 1336 1301 1369; x_wconf 86' lang='lat' dir='ltr'><strong>recc.,</strong></span> <span class='ocrx_word' id='word_1_155' title='bbox 1343 1321 1479 1360; x_wconf 84' lang='lat' dir='ltr'>codice</span> <span class='ocrx_word' id='word_1_156' title='bbox 1503 1323 1618 1360; x_wconf 83' lang='lat' dir='ltr'><strong>nullo</strong></span> 
     </span>
     <span class='ocr_line' id='line_1_19' title="bbox 166 1386 1617 1444; baseline -0.002 -12"><span class='ocrx_word' id='word_1_157' title='bbox 166 1401 351 1442; x_wconf 83' lang='lat' dir='ltr'>auctore,</span> <span class='ocrx_word' id='word_1_158' title='bbox 383 1398 582 1444; x_wconf 75' lang='lat' dir='ltr'><strong>quantum</strong></span> <span class='ocrx_word' id='word_1_159' title='bbox 602 1388 732 1427; x_wconf 85' lang='lat' dir='ltr'><strong>video.</strong></span> <span class='ocrx_word' id='word_1_160' title='bbox 849 1402 925 1425; x_wconf 83' lang='lat' dir='ltr'><strong>non</strong></span> <span class='ocrx_word' id='word_1_161' title='bbox 954 1402 1064 1426; x_wconf 83' lang='lat' dir='ltr'><strong>conc.</strong></span> <span class='ocrx_word' id='word_1_162' title='bbox 1093 1386 1222 1427; x_wconf 76' lang='lat' dir='ltr'><strong>modo.</strong></span> <span class='ocrx_word' id='word_1_163' title='bbox 1280 1403 1357 1427; x_wconf 83' lang='lat' dir='ltr'><strong>non</strong></span> <span class='ocrx_word' id='word_1_164' title='bbox 1386 1402 1465 1427; x_wconf 89' lang='lat' dir='ltr'><strong>om.</strong></span> <span class='ocrx_word' id='word_1_165' title='bbox 1491 1389 1617 1429; x_wconf 88' lang='lat' dir='ltr'><strong>Goth.</strong></span> 
     </span>
     <span class='ocr_line' id='line_1_20' title="bbox 167 1453 741 1512; baseline -0.009 -13"><span class='ocrx_word' id='word_1_166' title='bbox 167 1459 307 1512; x_wconf 80' lang='lat' dir='ltr'><strong>Camp.</strong></span> <span class='ocrx_word' id='word_1_167' title='bbox 366 1474 404 1498; x_wconf 85' lang='lat' dir='ltr'><strong>n.</strong></span> <span class='ocrx_word' id='word_1_168' title='bbox 425 1473 475 1496; x_wconf 90' lang='lat' dir='ltr'><strong>m.</strong></span> <span class='ocrx_word' id='word_1_169' title='bbox 495 1472 527 1495; x_wconf 90' lang='lat' dir='ltr'><strong>c.</strong></span> <span class='ocrx_word' id='word_1_170' title='bbox 555 1453 680 1494; x_wconf 86' lang='lat' dir='ltr'><strong>Amb.</strong></span> <span class='ocrx_word' id='word_1_171' title='bbox 705 1459 741 1494; x_wconf 93' lang='lat'><strong>1.</strong></span> 
     </span>
    </p>

    <p class='ocr_par' dir='ltr' id='par_1_9' title="bbox 161 1518 1618 1913">
     <span class='ocr_line' id='line_1_21' title="bbox 280 1518 1617 1576; baseline -0.001 -11"><span class='ocrx_word' id='word_1_172' title='bbox 280 1527 317 1576; x_wconf 87' lang='lat'><strong>§.</strong></span> <span class='ocrx_word' id='word_1_173' title='bbox 348 1529 416 1565; x_wconf 88' lang='lat'><strong>26.</strong></span> <span class='ocrx_word' id='word_1_174' title='bbox 476 1522 557 1561; x_wconf 76' lang='lat' dir='ltr'><strong>Sed</strong></span> <span class='ocrx_word' id='word_1_175' title='bbox 577 1525 615 1560; x_wconf 81' lang='lat' dir='ltr'><strong>ii.</strong></span> <span class='ocrx_word' id='word_1_176' title='bbox 668 1518 736 1561; x_wconf 78' lang='lat' dir='ltr'><strong>Sic</strong></span> <span class='ocrx_word' id='word_1_177' title='bbox 759 1522 882 1560; x_wconf 77' lang='lat' dir='ltr'><strong>etIam</strong></span> <span class='ocrx_word' id='word_1_178' title='bbox 904 1519 1046 1573; x_wconf 85' lang='lat' dir='ltr'><strong>Camp.</strong></span> <span class='ocrx_word' id='word_1_179' title='bbox 1097 1519 1231 1561; x_wconf 85' lang='lat' dir='ltr'>Ceteri</span> <span class='ocrx_word' id='word_1_180' title='bbox 1249 1523 1429 1563; x_wconf 78' lang='lat' dir='ltr'><strong>silentur.</strong></span> <span class='ocrx_word' id='word_1_181' title='bbox 1546 1540 1617 1563; x_wconf 81' lang='lat' dir='ltr'><strong>cu-</strong></span> 
     </span>
     <span class='ocr_line' id='line_1_22' title="bbox 161 1578 1617 1648; baseline -0.001 -17"><span class='ocrx_word' id='word_1_182' title='bbox 161 1597 309 1648; x_wconf 71' lang='lat' dir='ltr'><strong>jusque.</strong></span> <span class='ocrx_word' id='word_1_183' title='bbox 367 1593 624 1645; x_wconf 81' lang='lat' dir='ltr'><em>cujuscunque</em></span> <span class='ocrx_word' id='word_1_184' title='bbox 643 1592 764 1627; x_wconf 80' lang='lat' dir='ltr'><strong>etlam</strong></span> <span class='ocrx_word' id='word_1_185' title='bbox 775 1587 910 1627; x_wconf 80' lang='lat' dir='ltr'><strong>Turio.</strong></span> <span class='ocrx_word' id='word_1_186' title='bbox 933 1587 1041 1627; x_wconf 80' lang='lat' dir='ltr'><strong>Flor.</strong></span> <span class='ocrx_word' id='word_1_187' title='bbox 1066 1578 1250 1629; x_wconf 77' lang='lat' dir='ltr'><strong>Amb.&#39;1.</strong></span> <span class='ocrx_word' id='word_1_188' title='bbox 1274 1595 1330 1640; x_wconf 89' lang='lat'><strong>2.,</strong></span> <span class='ocrx_word' id='word_1_189' title='bbox 1363 1590 1502 1644; x_wconf 86' lang='lat' dir='ltr'>[quod</span> <span class='ocrx_word' id='word_1_190' title='bbox 1521 1606 1617 1630; x_wconf 79' lang='lat' dir='ltr'>sane</span> 
     </span>
     <span class='ocr_line' id='line_1_23' title="bbox 161 1654 1618 1715; baseline -0.001 -15"><span class='ocrx_word' id='word_1_191' title='bbox 161 1662 422 1715; x_wconf 76' lang='lat' dir='ltr'><strong>praetulerim</strong></span> <span class='ocrx_word' id='word_1_192' title='bbox 445 1660 594 1712; x_wconf 83' lang='lat' dir='ltr'><strong>quippe</strong></span> <span class='ocrx_word' id='word_1_193' title='bbox 617 1658 796 1695; x_wconf 79' lang='lat' dir='ltr'>absolute</span> <span class='ocrx_word' id='word_1_194' title='bbox 818 1654 1031 1708; x_wconf 72' lang='lat' dir='ltr'><strong>positum]</strong></span> <span class='ocrx_word' id='word_1_195' title='bbox 1147 1658 1318 1695; x_wconf 77' lang='lat' dir='ltr'><strong>imitatio</strong></span> <span class='ocrx_word' id='word_1_196' title='bbox 1341 1667 1398 1694; x_wconf 81' lang='lat' dir='ltr'><strong>cst</strong></span> <span class='ocrx_word' id='word_1_197' title='bbox 1425 1661 1618 1698; x_wconf 80' lang='lat' dir='ltr'>omittunt</span> 
     </span>
     <span class='ocr_line' id='line_1_24' title="bbox 164 1721 1615 1777; baseline -0.002 -10"><span class='ocrx_word' id='word_1_198' title='bbox 164 1731 287 1767; x_wconf 80' lang='lat' dir='ltr'><strong>etiam</strong></span> <span class='ocrx_word' id='word_1_199' title='bbox 313 1726 450 1766; x_wconf 85' lang='lat' dir='ltr'><strong>Turio.</strong></span> <span class='ocrx_word' id='word_1_200' title='bbox 483 1740 506 1763; x_wconf 90' lang='lat' dir='ltr'>a</span> <span class='ocrx_word' id='word_1_201' title='bbox 526 1740 586 1777; x_wconf 88' lang='lat' dir='ltr'><strong>pr.</strong></span> <span class='ocrx_word' id='word_1_202' title='bbox 606 1738 662 1763; x_wconf 89' lang='lat' dir='ltr'><strong>m.</strong></span> <span class='ocrx_word' id='word_1_203' title='bbox 699 1722 823 1762; x_wconf 82' lang='lat' dir='ltr'><strong>Paris.</strong></span> <span class='ocrx_word' id='word_1_204' title='bbox 849 1726 887 1762; x_wconf 87' lang='lat'><strong>5.</strong></span> <span class='ocrx_word' id='word_1_205' title='bbox 919 1721 1028 1762; x_wconf 86' lang='lat' dir='ltr'><strong>Jens.</strong></span> <span class='ocrx_word' id='word_1_206' title='bbox 1059 1730 1099 1760; x_wconf 87' lang='lat' dir='ltr'><strong>et</strong></span> <span class='ocrx_word' id='word_1_207' title='bbox 1128 1724 1221 1762; x_wconf 78' lang='lat' dir='ltr'><strong>fort.</strong></span> <span class='ocrx_word' id='word_1_208' title='bbox 1253 1722 1360 1762; x_wconf 84' lang='lat' dir='ltr'><strong>Flor.</strong></span> <span class='ocrx_word' id='word_1_209' title='bbox 1389 1722 1512 1764; x_wconf 85' lang='lat' dir='ltr'><strong>Amb.</strong></span> <span class='ocrx_word' id='word_1_210' title='bbox 1546 1730 1583 1764; x_wconf 89' lang='lat'><strong>1.</strong></span> <span class='ocrx_word' id='word_1_211' title='bbox 1603 1757 1615 1775; x_wconf 85' lang='lat'>‚</span> 
     </span>
     <span class='ocr_line' id='line_1_25' title="bbox 165 1787 1611 1849; baseline 0 -16"><span class='ocrx_word' id='word_1_212' title='bbox 165 1798 237 1849; x_wconf 91' lang='lat' dir='ltr'><strong>qui</strong></span> <span class='ocrx_word' id='word_1_213' title='bbox 274 1809 358 1833; x_wconf 86' lang='lat' dir='ltr'><strong>non</strong></span> <span class='ocrx_word' id='word_1_214' title='bbox 390 1800 689 1842; x_wconf 80' lang='lat' dir='ltr'>memorantur3</span> <span class='ocrx_word' id='word_1_215' title='bbox 739 1789 892 1827; x_wconf 84' lang='lat' dir='ltr'><strong>habent</strong></span> <span class='ocrx_word' id='word_1_216' title='bbox 926 1791 1002 1827; x_wconf 81' lang='lat' dir='ltr'><strong>ista</strong></span> <span class='ocrx_word' id='word_1_217' title='bbox 1042 1787 1178 1828; x_wconf 77' lang='lat' dir='ltr'><strong>Turio.</strong></span> <span class='ocrx_word' id='word_1_218' title='bbox 1219 1804 1242 1828; x_wconf 85' lang='lat' dir='ltr'><strong>a</strong></span> <span class='ocrx_word' id='word_1_219' title='bbox 1271 1805 1349 1830; x_wconf 89' lang='lat' dir='ltr'><strong>sec.</strong></span> <span class='ocrx_word' id='word_1_220' title='bbox 1381 1806 1436 1830; x_wconf 88' lang='lat' dir='ltr'><strong>m.</strong></span> <span class='ocrx_word' id='word_1_221' title='bbox 1471 1791 1611 1845; x_wconf 86' lang='lat' dir='ltr'><strong>Camp.</strong></span> 
     </span>
     <span class='ocr_line' id='line_1_26' title="bbox 165 1854 1613 1913; baseline -0.001 -13"><span class='ocrx_word' id='word_1_222' title='bbox 165 1860 355 1901; x_wconf 83' lang='lat' dir='ltr'>Ceterum</span> <span class='ocrx_word' id='word_1_223' title='bbox 384 1858 504 1913; x_wconf 77' lang='lat' dir='ltr'>Regii</span> <span class='ocrx_word' id='word_1_224' title='bbox 531 1857 621 1898; x_wconf 83' lang='lat' dir='ltr'><strong>MS.</strong></span> <span class='ocrx_word' id='word_1_225' title='bbox 637 1889 648 1908; x_wconf 86' lang='lat'>‚</span> <span class='ocrx_word' id='word_1_226' title='bbox 688 1857 738 1896; x_wconf 87' lang='lat' dir='ltr'><strong>de</strong></span> <span class='ocrx_word' id='word_1_227' title='bbox 771 1870 851 1910; x_wconf 93' lang='lat' dir='ltr'><strong>quo</strong></span> <span class='ocrx_word' id='word_1_228' title='bbox 875 1857 1056 1909; x_wconf 86' lang='lat' dir='ltr'><strong>loquitur</strong></span> <span class='ocrx_word' id='word_1_229' title='bbox 1078 1854 1218 1908; x_wconf 84' lang='lat' dir='ltr'><strong>Spald.</strong></span> <span class='ocrx_word' id='word_1_230' title='bbox 1235 1887 1246 1906; x_wconf 91' lang='lat'>‚</span> <span class='ocrx_word' id='word_1_231' title='bbox 1279 1866 1338 1896; x_wconf 84' lang='lat' dir='ltr'><strong>est</strong></span> <span class='ocrx_word' id='word_1_232' title='bbox 1355 1857 1613 1899; x_wconf 78' lang='lat' dir='ltr'><strong>Jensouiana.</strong></span> 
     </span>
    </p>

    <p class='ocr_par' dir='ltr' id='par_1_10' title="bbox 250 1922 1500 1979">
     <span class='ocr_line' id='line_1_27' title="bbox 250 1922 1500 1979; baseline -0.001 -13"><span class='ocrx_word' id='word_1_233' title='bbox 250 1928 352 1968; x_wconf 71' lang='lat' dir='ltr'><em>hanc</em></span> <span class='ocrx_word' id='word_1_234' title='bbox 380 1943 577 1967; x_wconf 78' lang='lat' dir='ltr'><strong>novorum.</strong></span> <span class='ocrx_word' id='word_1_235' title='bbox 636 1924 738 1964; x_wconf 74' lang='lat' dir='ltr'><strong><em>hanc</em></strong></span> <span class='ocrx_word' id='word_1_236' title='bbox 766 1925 896 1963; x_wconf 79' lang='lat' dir='ltr'><strong>omitt.</strong></span> <span class='ocrx_word' id='word_1_237' title='bbox 928 1922 1065 1963; x_wconf 78' lang='lat' dir='ltr'><strong>Turio.</strong></span> <span class='ocrx_word' id='word_1_238' title='bbox 1123 1938 1211 1963; x_wconf 80' lang='lat' dir='ltr'><strong>nov.</strong></span> <span class='ocrx_word' id='word_1_239' title='bbox 1233 1923 1334 1964; x_wconf 75' lang='lat' dir='ltr'><strong><em>hanc</em></strong></span> <span class='ocrx_word' id='word_1_240' title='bbox 1359 1923 1500 1979; x_wconf 86' lang='lat' dir='ltr'><strong>Camp.</strong></span> 
     </span>
    </p>
   </div>
   <div class='ocr_carea' id='block_1_3' title="bbox 735 2033 1043 2078">
    <p class='ocr_par' dir='ltr' id='par_1_11' title="bbox 735 2033 1043 2078">
     <span class='ocr_line' id='line_1_28' title="bbox 735 2033 1043 2078; baseline -0.006 0"><span class='ocrx_word' id='word_1_241' title='bbox 735 2035 769 2078; x_wconf 88' lang='lat' dir='ltr'>C</span> <span class='ocrx_word' id='word_1_242' title='bbox 802 2051 827 2076; x_wconf 80' lang='lat' dir='ltr'><strong>A</strong></span> <span class='ocrx_word' id='word_1_243' title='bbox 862 2051 899 2076; x_wconf 69' lang='grc' dir='ltr'><strong>ι’.</strong></span> <span class='ocrx_word' id='word_1_244' title='bbox 959 2033 1043 2077; x_wconf 89' lang='lat' dir='ltr'><strong>VI.</strong></span> 
     </span>
    </p>
   </div>
   <div class='ocr_carea' id='block_1_4' title="bbox 160 2125 1611 2649">
    <p class='ocr_par' dir='ltr' id='par_1_12' title="bbox 275 2125 1164 2183">
     <span class='ocr_line' id='line_1_29' title="bbox 275 2125 1164 2183; baseline -0.003 -14"><span class='ocrx_word' id='word_1_245' title='bbox 275 2131 312 2179; x_wconf 85' lang='lat'><strong>§.</strong></span> <span class='ocrx_word' id='word_1_246' title='bbox 347 2134 384 2169; x_wconf 85' lang='lat'><strong>1.</strong></span> <span class='ocrx_word' id='word_1_247' title='bbox 442 2143 574 2183; x_wconf 80' lang='lat' dir='ltr'><strong>praec.</strong></span> <span class='ocrx_word' id='word_1_248' title='bbox 595 2143 711 2182; x_wconf 86' lang='lat' dir='ltr'><strong>prop.</strong></span> <span class='ocrx_word' id='word_1_249' title='bbox 767 2143 881 2181; x_wconf 87' lang='lat' dir='ltr'><strong>prop.</strong></span> <span class='ocrx_word' id='word_1_250' title='bbox 899 2142 1033 2181; x_wconf 85' lang='lat' dir='ltr'><strong>praec.</strong></span> <span class='ocrx_word' id='word_1_251' title='bbox 1055 2125 1164 2167; x_wconf 84' lang='lat' dir='ltr'><strong>Flor.</strong></span> 
     </span>
    </p>

    <p class='ocr_par' dir='ltr' id='par_1_13' title="bbox 160 2193 1611 2450">
     <span class='ocr_line' id='line_1_30' title="bbox 276 2193 1611 2249; baseline 0 -13"><span class='ocrx_word' id='word_1_252' title='bbox 276 2199 313 2245; x_wconf 84' lang='lat'><strong>§.</strong></span> <span class='ocrx_word' id='word_1_253' title='bbox 345 2203 384 2236; x_wconf 85' lang='lat'><strong>2.</strong></span> <span class='ocrx_word' id='word_1_254' title='bbox 445 2195 720 2249; x_wconf 73' lang='lat' dir='ltr'><strong>[Particulam</strong></span> <span class='ocrx_word' id='word_1_255' title='bbox 739 2204 773 2232; x_wconf 79' lang='lat' dir='ltr'><strong>et</strong></span> <span class='ocrx_word' id='word_1_256' title='bbox 793 2203 885 2233; x_wconf 81' lang='lat' dir='ltr'>ante</span> <span class='ocrx_word' id='word_1_257' title='bbox 911 2193 996 2232; x_wconf 75' lang='lat' dir='ltr'><em>idco</em></span> <span class='ocrx_word' id='word_1_258' title='bbox 1015 2193 1280 2233; x_wconf 85' lang='lat' dir='ltr'>omittendam</span> <span class='ocrx_word' id='word_1_259' title='bbox 1297 2195 1455 2246; x_wconf 79' lang='lat' dir='ltr'><strong>putavit</strong></span> <span class='ocrx_word' id='word_1_260' title='bbox 1475 2203 1611 2248; x_wconf 86' lang='lat' dir='ltr'><strong>postea</strong></span> 
     </span>
     <span class='ocr_line' id='line_1_31' title="bbox 160 2259 1611 2316; baseline -0.001 -13"><span class='ocrx_word' id='word_1_261' title='bbox 160 2262 370 2316; x_wconf 86' lang='lat' dir='ltr'><strong>Spalding.</strong></span> <span class='ocrx_word' id='word_1_262' title='bbox 394 2264 518 2316; x_wconf 80' lang='lat' dir='ltr'><strong>praef.</strong></span> <span class='ocrx_word' id='word_1_263' title='bbox 540 2261 637 2301; x_wconf 88' lang='lat' dir='ltr'><strong>Vol.</strong></span> <span class='ocrx_word' id='word_1_264' title='bbox 658 2259 678 2300; x_wconf 89' lang='lat' dir='ltr'>I</span> <span class='ocrx_word' id='word_1_265' title='bbox 699 2278 738 2315; x_wconf 90' lang='lat' dir='ltr'><strong>p.</strong></span> <span class='ocrx_word' id='word_1_266' title='bbox 761 2259 1016 2311; x_wconf 90' lang='lat' dir='ltr'><strong>LXXXH.]</strong></span> <span class='ocrx_word' id='word_1_267' title='bbox 1079 2260 1193 2312; x_wconf 77' lang='lat' dir='ltr'><strong><em>Quod</em></strong></span> <span class='ocrx_word' id='word_1_268' title='bbox 1219 2276 1290 2314; x_wconf 87' lang='lat' dir='ltr'><strong>pro</strong></span> <span class='ocrx_word' id='word_1_269' title='bbox 1317 2261 1418 2314; x_wconf 76' lang='lat' dir='ltr'><strong>quid</strong></span> <span class='ocrx_word' id='word_1_270' title='bbox 1444 2278 1488 2301; x_wconf 87' lang='lat' dir='ltr'><strong>re</strong></span> <span class='ocrx_word' id='word_1_271' title='bbox 1516 2278 1611 2302; x_wconf 84' lang='lat' dir='ltr'><strong>vera</strong></span> 
     </span>
     <span class='ocr_line' id='line_1_32' title="bbox 161 2327 1610 2382; baseline 0.001 -14"><span class='ocrx_word' id='word_1_272' title='bbox 161 2345 241 2369; x_wconf 81' lang='lat' dir='ltr'><strong>esse</strong></span> <span class='ocrx_word' id='word_1_273' title='bbox 261 2334 303 2368; x_wconf 88' lang='lat' dir='ltr'><strong>in</strong></span> <span class='ocrx_word' id='word_1_274' title='bbox 322 2330 446 2370; x_wconf 76' lang='lat' dir='ltr'><strong>Paris.</strong></span> <span class='ocrx_word' id='word_1_275' title='bbox 473 2334 509 2369; x_wconf 85' lang='lat'><strong>1.</strong></span> <span class='ocrx_word' id='word_1_276' title='bbox 533 2330 628 2369; x_wconf 85' lang='lat' dir='ltr'><strong>edit.</strong></span> <span class='ocrx_word' id='word_1_277' title='bbox 652 2328 792 2382; x_wconf 88' lang='lat' dir='ltr'><strong>Camp.</strong></span> <span class='ocrx_word' id='word_1_278' title='bbox 853 2328 953 2382; x_wconf 74' lang='lat' dir='ltr'><strong>quid</strong></span> <span class='ocrx_word' id='word_1_279' title='bbox 976 2337 1112 2367; x_wconf 83' lang='lat' dir='ltr'><strong>autem</strong></span> <span class='ocrx_word' id='word_1_280' title='bbox 1138 2331 1182 2367; x_wconf 88' lang='lat' dir='ltr'><strong>in</strong></span> <span class='ocrx_word' id='word_1_281' title='bbox 1203 2327 1328 2368; x_wconf 88' lang='lat' dir='ltr'><strong>Paris.</strong></span> <span class='ocrx_word' id='word_1_282' title='bbox 1351 2334 1391 2369; x_wconf 84' lang='lat'><strong>2.</strong></span> <span class='ocrx_word' id='word_1_283' title='bbox 1419 2333 1457 2370; x_wconf 86' lang='lat'><strong>5.</strong></span> <span class='ocrx_word' id='word_1_284' title='bbox 1490 2338 1610 2370; x_wconf 82' lang='lat' dir='ltr'><strong>nota-</strong></span> 
     </span>
     <span class='ocr_line' id='line_1_33' title="bbox 161 2393 1244 2450; baseline 0.001 -16"><span class='ocrx_word' id='word_1_285' title='bbox 161 2399 217 2435; x_wconf 80' lang='lat' dir='ltr'><strong>vit</strong></span> <span class='ocrx_word' id='word_1_286' title='bbox 245 2396 472 2436; x_wconf 80' lang='lat' dir='ltr'><strong>Pottierius.</strong></span> <span class='ocrx_word' id='word_1_287' title='bbox 581 2399 667 2450; x_wconf 85' lang='lat' dir='ltr'><strong>jam</strong></span> <span class='ocrx_word' id='word_1_288' title='bbox 694 2396 835 2450; x_wconf 78' lang='lat' dir='ltr'><strong>lapsos.</strong></span> <span class='ocrx_word' id='word_1_289' title='bbox 890 2399 973 2447; x_wconf 79' lang='lat' dir='ltr'><strong>jam</strong></span> <span class='ocrx_word' id='word_1_290' title='bbox 995 2411 1076 2435; x_wconf 89' lang='lat' dir='ltr'><strong>om.</strong></span> <span class='ocrx_word' id='word_1_291' title='bbox 1104 2393 1244 2448; x_wconf 87' lang='lat' dir='ltr'><strong>Camp.</strong></span> 
     </span>
    </p>

    <p class='ocr_par' dir='ltr' id='par_1_14' title="bbox 160 2461 1602 2649">
     <span class='ocr_line' id='line_1_34' title="bbox 270 2461 1520 2516; baseline -0.001 -13"><span class='ocrx_word' id='word_1_292' title='bbox 270 2466 305 2514; x_wconf 52' lang='grc' dir='ltr'><strong>ᾗ.</strong></span> <span class='ocrx_word' id='word_1_293' title='bbox 329 2470 366 2503; x_wconf 87' lang='grc'><strong>3.</strong></span> <span class='ocrx_word' id='word_1_294' title='bbox 428 2463 695 2503; x_wconf 76' lang='lat' dir='ltr'><strong>admonitioni.</strong></span> <span class='ocrx_word' id='word_1_295' title='bbox 745 2463 936 2503; x_wconf 77' lang='lat' dir='ltr'><strong><em>admoniti</em></strong></span> <span class='ocrx_word' id='word_1_296' title='bbox 955 2463 1094 2516; x_wconf 87' lang='lat' dir='ltr'><strong>Camp.</strong></span> <span class='ocrx_word' id='word_1_297' title='bbox 1117 2478 1210 2502; x_wconf 85' lang='lat' dir='ltr'><strong>cum</strong></span> <span class='ocrx_word' id='word_1_298' title='bbox 1230 2461 1362 2503; x_wconf 87' lang='lat' dir='ltr'><strong>Andr.</strong></span> <span class='ocrx_word' id='word_1_299' title='bbox 1388 2462 1520 2504; x_wconf 85' lang='lat' dir='ltr'><strong>Colin.</strong></span> 
     </span>
     <span class='ocr_line' id='line_1_35' title="bbox 164 2529 1602 2585; baseline 0.002 -18"><span class='ocrx_word' id='word_1_300' title='bbox 164 2530 243 2569; x_wconf 78' lang='lat' dir='ltr'><strong>Nec</strong></span> <span class='ocrx_word' id='word_1_301' title='bbox 262 2530 349 2570; x_wconf 73' lang='lat' dir='ltr'><em>ideo</em></span> <span class='ocrx_word' id='word_1_302' title='bbox 372 2542 510 2570; x_wconf 73' lang='lat' dir='ltr'><strong><em>iamen-</em></strong></span> <span class='ocrx_word' id='word_1_303' title='bbox 568 2529 704 2585; x_wconf 79' lang='lat' dir='ltr'><em>Neque</em></span> <span class='ocrx_word' id='word_1_304' title='bbox 722 2533 748 2573; x_wconf 80' lang='lat' dir='ltr'><strong>i.</strong></span> <span class='ocrx_word' id='word_1_305' title='bbox 771 2541 796 2568; x_wconf 68' lang='lat' dir='ltr'><strong>t.</strong></span> <span class='ocrx_word' id='word_1_306' title='bbox 820 2530 958 2571; x_wconf 80' lang='lat' dir='ltr'><strong>Turio.</strong></span> <span class='ocrx_word' id='word_1_307' title='bbox 978 2530 1084 2571; x_wconf 90' lang='lat' dir='ltr'><strong>Flor.</strong></span> <span class='ocrx_word' id='word_1_308' title='bbox 1106 2529 1234 2570; x_wconf 88' lang='lat' dir='ltr'><strong>Amb.</strong></span> <span class='ocrx_word' id='word_1_309' title='bbox 1265 2536 1302 2572; x_wconf 78' lang='lat'><strong>1.</strong></span> <span class='ocrx_word' id='word_1_310' title='bbox 1362 2530 1499 2585; x_wconf 85' lang='lat' dir='ltr'><strong><em>Neque</em></strong></span> <span class='ocrx_word' id='word_1_311' title='bbox 1523 2541 1550 2570; x_wconf 79' lang='lat' dir='ltr'><strong>t.</strong></span> <span class='ocrx_word' id='word_1_312' title='bbox 1574 2532 1602 2570; x_wconf 83' lang='lat' dir='ltr'><strong>i.</strong></span> 
     </span>
     <span class='ocr_line' id='line_1_36' title="bbox 160 2597 299 2649; baseline 0 -14"><span class='ocrx_word' id='word_1_313' title='bbox 160 2597 299 2649; x_wconf 78' lang='lat' dir='ltr'><strong>(&#39;amp.</strong></span> 
     </span>
    </p>
   </div>
   <div class='ocr_carea' id='block_1_5' title="bbox 1668 699 1721 2974">
    <p class='ocr_par' dir='ltr' id='par_1_15' title="bbox 1668 699 1721 2974">
     <span class='ocr_line' id='line_1_37' title="bbox 1668 699 1721 2974; baseline 0 0"><span class='ocrx_word' id='word_1_314' title='bbox 1668 699 1721 2974; x_wconf 95' lang='lat' dir='ltr'><strong> </strong></span> 
     </span>
    </p>
   </div>
  </div>
 </body>
</html>
