1721 2974
370 121 425 162 acl
456 121 622 175 Quintil.
651 121 783 162 Instit.
818 119 872 171 V,
913 126 979 162 10.
1022 121 1058 173 §.
1087 122 1286 160 26-33,
1471 121 1554 160 255

100 239 292 279 vitiosum
323 251 405 276 esse
436 236 605 276 editores
635 237 753 276 facile
784 238 968 290 probant.
1027 231 1230 288 Equidem
1251 230 1423 273 emendo
1443 232 1555 282 Pius,

100 305 213 360 quod
250 319 476 358 cognomen
517 304 656 343 datum
693 313 752 344 est
788 302 844 355 Q,
884 301 1050 343 Metello
1091 302 1299 342 Numidici
1335 302 1433 340 filio.
1493 298 1556 339 Cf.

100 371 251 424 Vellej.
273 370 326 424 Π,
351 370 446 422 15.]
564 373 713 425 conjur.
745 369 860 426 quod.
919 369 1043 412 Amb.
1071 375 1109 410 1.
1149 372 1268 409 inser.
1300 367 1432 407 attulit
1463 383 1560 407 cau-

101 457 202 480 sam.
316 441 625 493 aruspicumque.
684 438 807 479 Amb.
836 445 874 480 1.
907 440 1141 493 aruspicum.
1197 436 1336 477 Turio.
1369 435 1560 489 haruspi-

104 525 270 563 ccmque.
330 505 459 548 Amb.
479 511 520 546 2.
551 521 713 560 quoque
744 507 1079 561 haruspicumque.
1194 504 1389 545 credebat.
1447 502 1558 544 Flor-

103 591 266 632 quoque
297 574 462 613 dicebat.
525 573 619 627 [De
657 576 858 614 scribendi
886 577 1042 614 ratione
1072 575 1248 613 nominis⁴
1274 571 1411 611 Sullae
1438 571 1561 624 Spal-

104 645 215 697 ding.
247 645 419 682 conferri
447 644 610 693 jubebat
639 640 842 681 Beckium
872 643 924 681 ad
949 642 1032 682 Cic.
1055 641 1169 683 Orat.
1188 657 1229 694 p.
1250 639 1366 681 Sulla
1386 656 1427 694 p.
1453 643 1559 690 1053

102 713 202 751 item
229 713 421 764 putabat,
477 711 588 764 quod
615 707 734 761 VIII,
762 715 801 761 3,
826 715 878 750 32
908 713 1001 750 satis
1032 719 1260 751 constanter
1288 710 1435 764 legitur
1465 706 1562 747 Sul-

102 777 261 829 laturit,
300 779 514 818 defendere
545 794 634 818 eam
663 777 944 831 scripturam-J

218 871 255 922 §2
288 873 356 910 31.
417 868 518 907 illud
547 867 665 922 apud.
725 867 835 909 Jens‚
867 865 967 908 Loc.
999 865 1110 908 Ven.
1138 869 1278 907 inserr,
1308 876 1407 918 crat,
1456 865 1562 908 Ald.

102 935 208 978 Bad.
242 948 318 985 est,
353 935 508 977 Cervic.
542 935 675 977 Colin.
699 934 855 991 Gryph.
890 945 1013 976 extat.
1103 934 1323 992 fiigiclum.
1370 933 1500 977 Amb.
1522 940 1560 975 1.

102 1003 211 1048 Flor.
241 1020 264 1044 a
292 1020 352 1059 pr.
384 1020 440 1045 m.
467 1004 658 1061 fiigz'um.
777 1004 995 1060 Polynicis,
1053 1002 1191 1045 Turio.
1224 1002 1363 1057 Camp.
1400 1002 1566 1057 pollini-

104 1075 176 1116 όίς.
293 1089 382 1126 arg.
416 1088 516 1112 mor.
536 1072 604 1128 fr.
631 1075 709 1115 inc.
765 1072 875 1114 Jens.
921 1072 1044 1113 Tarv.
1086 1088 1173 1125 arg,
1195 1070 1262 1132 fr.
1300 1082 1445 1111 motum
1484 1073 1564 1113 inc.

101 1138 206 1183 Loc.
228 1150 267 1180 et
285 1142 376 1181 edd.
402 1150 493 1181 ante
514 1139 670 1196 GryplL
692 1158 779 1195 arg.
790 1141 857 1198 fr.
880 1156 1032 1180 morum
1053 1142 1130 1180 inc.
1213 1139 1413 1183 Jocorum.
1451 1138 1484 1180 F
1487 1142 1564 1181 lor.

103 1209 218 1251 Sich.
252 1225 415 1264 quoque
446 1209 634 1249 locorum.
721 1221 863 1252 tamen.
917 1209 1057 1263 Camp.
1081 1219 1162 1248 iam
1192 1219 1240 1249 et.
1298 1207 1409 1251 Jens.
1437 1207 1563 1251 Tarv.

103 1274 204 1319 Loc.
229 1276 340 1318 Ven.
361 1277 466 1318 Bad.
499 1287 537 1317 et
555 1281 644 1320 rell.
674 1288 767 1318 ante
787 1277 916 1319 Stoer.
933 1293 1048 1317 meae
1071 1280 1185 1318 enim.
1290 1287 1377 1317 sunt
1399 1287 1468 1318 aut
1485 1276 1562 1318 his.

103 1344 234 1388 Amb.
258 1350 296 1387 1.
327 1357 415 1386 sunt
449 1345 543 1401 (sed
565 1362 643 1387 sec.
668 1346 754 1401 m.)
788 1357 917 1386 autem
935 1347 1010 1388 lzis.
1064 1345 1204 1400 Camp.
1235 1355 1322 1385 sunt
1351 1355 1464 1400 atque
1490 1345 1566 1386 his.

118 1416 120 1418 ¹
190 1413 328 1471 Neque
357 1417 470 1455 enim.
531 1414 599 1456 Sic
631 1417 751 1454 etiam
781 1412 910 1456 Amb.
946 1420 984 1455 1.
1028 1413 1141 1455 Sich.
1257 1412 1322 1453 vel
1348 1413 1424 1453 hac
1453 1416 1493 1452 in
1520 1431 1565 1472 p.

104 1481 216 1524 Jens.
259 1492 300 1522 et
340 1484 433 1524 edd.
476 1493 569 1523 ante
608 1482 719 1523 Sich.
753 1483 817 1522 vel
843 1486 883 1522 in
913 1483 990 1522 hac
1015 1500 1056 1537 p.
1169 1482 1300 1538 plura.
1359 1481 1490 1524 Amb.
1525 1487 1566 1523 1.

105 1550 244 1591 Turio.
273 1549 383 1590 Flor.
413 1567 436 1591 a
455 1567 517 1605 pr.
542 1566 599 1593 m.
630 1555 836 1591 omittunt.
898 1549 1138 1607 [Spalding.
1171 1561 1291 1591 notae
1322 1566 1436 1604 exeg.
1470 1567 1567 1591 suae

104 1619 208 1659 haec
241 1619 417 1660 addidit:
458 1618 523 1659 De
552 1618 746 1673 Euripide
770 1621 908 1660 confer
926 1621 1046 1659 etiam
1065 1618 1314 1660 Valckenar.
1336 1621 1387 1660 ad
1406 1619 1568 1661 Phoeu.

108 1691 162 1728 12
194 1696 233 1727 et
261 1688 306 1725 in
339 1688 498 1728 diatrib.
529 1703 570 1741 p.
609 1692 685 1741 623
740 1689 790 1729 de
819 1696 903 1728 tota
944 1703 987 1727 re
1016 1686 1250 1729 VictorIum
1281 1687 1402 1729 Varr.
1433 1686 1567 1729 Lectt.

105 1757 196 1795 libr.
227 1760 281 1796 36
310 1770 402 1808 pag.
438 1747 592 1811 1003.']

222 1845 260 1899 §.
294 1850 361 1886 32.
422 1845 567 1898 Quare.
627 1846 768 1889 Tmic.
808 1862 831 1892 a
858 1863 919 1902 pr.
952 1863 1010 1893 m,
1051 1847 1235 1904 quadcre.
1351 1848 1570 1907 Per-quae.

110 1911 252 1967 Camp.
282 1929 353 1967 per
381 1930 503 1969 quem⁴

224 2006 259 2056 §.
292 2007 358 2043 33.
419 2003 639 2045 Ducuntur.
697 2003 836 2047 Turio.
867 2020 891 2047 a
911 2021 971 2059 pr.
993 2020 1050 2048 m.
1076 2006 1271 2047 dicuntur.
1389 2022 1570 2061 quar-um.

109 2070 179 2112 Sic
210 2074 333 2111 etiam
361 2068 491 2112 Amb.
520 2077 557 2112 1.
589 2071 699 2113 Flor.
785 2076 992 2113 materiam
1013 2098 1069 2107 —-
1086 2078 1394 2115 nominaverunt.
1438 2074 1570 2117 Amb.

111 2144 151 2180 1.
182 2141 383 2178 materiem
421 2157 537 2194 quam
575 2139 735 2195 quidam
769 2136 835 2180 ὗλ.
874 2139 948 2180 alii
984 2140 1072 2182 δυν.
1113 2159 1216 2183 nom.
1275 2142 1414 2185 Turio.
1443 2153 1572 2182 malcr-

109 2218 309 2262 iamquam
340 2207 436 2262 ylen
479 2207 554 2247 alib·
595 2209 774 2248 clinamis·
800 2207 857 2250 ali
894 2211 1053 2248 nomina
1079 2221 1247 2253 vertunt.
1306 2210 1414 2252 Flor.
1444 2221 1573 2250 mater

109 2286 314 2330 tamquam¹
338 2271 414 2316 452.
454 2275 529 2316 alii
560 2277 648 2317 ὃυν.
680 2292 784 2317 nom.
898 2287 1093 2318 versatur.
1151 2277 1280 2321 Amb.
1316 2283 1355 2320 1.
1387 2282 1570 2332 vertitur,

109 2344 182 2384 sed
209 2347 356 2398 partlm
385 2359 408 2383 a
427 2359 506 2385 sec.
529 2361 601 2396 m.‚
645 2344 785 2386 Turio.
818 2360 841 2384 a
860 2360 916 2398 pr.
937 2360 990 2384 m.
1019 2356 1205 2388 versetur.
1303 2349 1572 2387 conservatio-

109 2430 211 2453 nem.
268 2413 408 2454 Turic.
431 2411 540 2453 Flor.
562 2410 684 2454 Voss.
709 2418 747 2454 1.
771 2418 808 2453 3.
842 2416 1184 2454 conversationem.
1272 2431 1396 2457 usum.
1425 2413 1570 2468 Camp.

114 2478 164 2518 V
160 2496 239 2535 syr.
338 2481 548 2522 malorum.
608 2480 747 2522 Turio.
781 2495 803 2520 a
824 2496 885 2534 pr.
905 2496 961 2521 m.
993 2484 1202 2535 majorum.
1299 2485 1450 2523 immin.
1472 2481 1573 2522 tole-

115 2550 307 2599 rantiam,
350 2566 448 2605 quae
468 2551 577 2590 etin.
636 2548 766 2592 Amb.
798 2554 837 2590 1.
870 2551 972 2589 imm.
1004 2548 1073 2590 iol.
1105 2567 1274 2606 quaeque
1302 2560 1338 2589 et
1366 2552 1419 2593 in,
1465 2550 1572 2591 Flor-

115 2627 139 2653 a
167 2630 226 2669 pr.
258 2631 314 2658 m.
343 2619 448 2659 imm.
480 2616 624 2658 tulerat
653 2634 771 2673 neque
799 2627 834 2658 et
862 2620 940 2670 im,
979 2633 1058 2659 sec.
1090 2633 1146 2660 m.
1177 2619 1332 2660 accedit
1361 2617 1495 2663 Guelf.
