1721 2974
131 173 208 207 108
564 166 829 222 Supplemcnla
861 170 1118 206 annotationis

128 279 224 320 alia.
282 278 364 319 alia
383 278 563 322 dicar-,rur
582 280 660 320 alia
690 280 795 319 Flor.
817 294 838 317 a
860 294 920 331 pr.
941 293 1020 331 m.;
1051 289 1183 320 tamen
1204 289 1350 322 temere
1370 282 1437 323 hio
1455 285 1555 323 liber

127 348 307 386 ordinem
336 349 545 386 verborum
574 357 713 387 mutat.

239 417 273 466 ᾗ.
304 419 371 454 41.
430 431 514 454 cam
552 431 630 453 csse
670 424 805 453 artem.
863 429 943 452 csse
979 424 1100 454 artem
1137 432 1232 456 eam.
1301 415 1389 457 Hoc
1418 417 1556 457 ordme

126 480 260 522 Turio.
297 482 405 521 Flor.
443 479 567 521 Amb.
603 486 640 520 1.
681 478 815 520 Guelf·
857 478 996 534 Camp.
1110 485 1198 535 via,
1245 483 1288 523 id
1324 495 1379 524 est
1409 484 1556 525 ordine.

124 548 184 589 Ita
223 549 341 589 Bodl.
379 547 490 588 Alm.
530 547 646 587 Voss.
679 552 718 586 2.
752 552 790 587 3.
831 546 952 588 Goth.
985 548 1119 591 Guelf.
1150 550 1295 592 Joanu.
1324 550 1412 593 Bal.
1444 551 1554 592 Sich.

125 616 228 658 Obr.
258 616 397 657 Burm.
431 613 551 656 Gesn.
610 616 714 652 viam
743 617 770 653 i.
794 632 826 655 e.
851 615 1022 656 ordinem
1050 617 1174 659 Amb.
1198 624 1236 659 1.
1266 617 1395 659 Andr.
1452 621 1557 658 viam

125 688 245 724 etiam
276 683 412 737 Camp.
446 682 538 735 (sed
566 680 738 734 ordine).
793 686 881 722 viae
907 682 1014 724 Flor.
1045 699 1067 723 a
1097 700 1175 725 sec.
1205 701 1259 725 m.
1292 685 1423 739 (prius
1452 685 1556 739 via).

124 751 295 791 ordinem
334 753 452 790 etiam
488 748 624 788 Turic.
693 751 799 789 viam
833 767 882 790 ac
916 751 1088 790 ordinem
1124 755 1319 805 plurimae
1348 753 1438 792 edd.
1468 761 1557 806 post

122 817 307 870 Regium.
422 826 521 855 certe
555 817 674 855 viam.
745 828 890 857 certam
926 833 962 856 v.
1007 834 1058 857 ex
1094 822 1208 859 nullo
1247 835 1352 860 novo
1398 829 1557 860 auctore

123 888 306 936 affertur,
346 893 619 938 praeterquam
649 899 701 924 ex
727 883 851 925 Paris.
886 890 927 927 2.
959 886 999 924 4.
1039 901 1061 924 a
1090 885 1294 927 Pottierio.
1352 898 1459 932 certa
1489 888 1557 927 dat

123 951 243 992 Amb.
283 959 322 992 2.
444 952 763 1006 perceptionibus,
840 950 902 992 Cf.
953 952 1159 1006 Supplem.
1198 956 1361 1006 praefat,
1400 955 1498 995 Vol.
1535 953 1557 994 I

122 1035 159 1072 p.
195 1017 448 1059 LXXXIV.
508 1018 574 1059 Sic
615 1034 697 1058 esse
735 1022 857 1058 etiam
893 1023 936 1058 in
973 1019 1094 1060 Paris.
1116 1026 1155 1060 2.
1177 1025 1215 1069 3.
1244 1023 1363 1072 tradit
1393 1022 1555 1063 Pottier.

173 1087 401 1140 -probatus,
470 1087 703 1140 approbatus
744 1086 852 1127 Jens.
895 1097 934 1126 et
971 1096 1072 1140 post.
1115 1097 1204 1127 ante
1245 1087 1426 1142 Gryph.,
1465 1105 1554 1130 exc.

121 1152 233 1193 Sich.
345 1155 449 1195 vitae
477 1154 619 1194 utilem.
677 1165 730 1193 ut.
768 1156 836 1194 vit.
880 1154 1016 1194 Turio.
1056 1152 1163 1194 Flor.
1192 1154 1319 1197 Amb.
1349 1161 1386 1197 1.
1419 1155 1553 1202 Guelf.

121 1219 245 1261 Goth.
273 1219 413 1274 Camp.
443 1220 551 1262 Jens.
579 1230 618 1260 et
636 1230 735 1273 post.
757 1230 848 1261 ante
868 1220 1022 1275 Gryph.
1138 1223 1381 1265 ostendimus.
1428 1236 1557 1264 osten-

120 1288 249 1327 (lamus
278 1287 415 1328 Turio.
445 1287 569 1328 Amb.
591 1293 627 1327 1.
661 1287 801 1342 Camp.
915 1291 1047 1328 inesse.
1104 1306 1185 1329 esse
1211 1288 1334 1333 Goth.
1367 1290 1484 1335 Voss⁴
1513 1299 1555 1334 2.

119 1371 213 1396 cum
242 1357 332 1395 edd.
364 1365 454 1395 ante
492 1354 603 1395 Sich.

234 1425 270 1474 ᾗ.
301 1425 369 1463 42.
427 1422 530 1477 quod
559 1433 607 1462 et.
657 1440 693 1476 q.
716 1433 756 1461 ut
775 1433 809 1461 et
838 1421 973 1463 Turio.
1005 1423 1114 1464 Alm.
1147 1424 1256 1466 Flor.
1372 1427 1558 1468 constat?

120 1491 217 1531 Nec.
276 1489 486 1531 constant?
525 1489 610 1529 Nec
648 1489 783 1529 Turio.
814 1489 922 1530 Flor.
955 1488 1066 1531 Ajm.
1105 1491 1222 1532 Voss.
1253 1497 1291 1532 1.
1321 1491 1445 1533 Bern.

119 1575 187 1597 ars
216 1570 283 1597 est.
333 1556 532 1598 Ordinem
559 1560 763 1598 invertunt
787 1555 925 1596 Turio.
956 1557 1063 1597 Flor.
1095 1556 1216 1599 Goth.
1249 1557 1383 1600 Guelf.
1416 1560 1554 1615 Camp-

119 1637 160 1668 et
198 1636 298 1679 post.
339 1634 429 1664 ante
472 1622 625 1678 Gryph.
741 1624 1017 1680 artificialiter.
1074 1626 1228 1683 inor-tif:
1268 1626 1405 1668 Turio.
1437 1631 1557 1668 etiam

118 1695 196 1734 hoc
222 1697 333 1745 loco3
373 1696 506 1746 itaque
535 1708 612 1732 sec.
642 1707 697 1731 m.
727 1695 856 1745 priore
885 1695 973 1732 loco
1004 1694 1151 1735 delevit
1179 1697 1230 1735 in.
1344 1695 1447 1749 quod
1465 1695 1558 1751 quid

119 1761 198 1800 did.
228 1758 338 1800 AJm.
371 1759 506 1799 Tul-ic.
539 1774 561 1797 a
588 1774 646 1812 pr.
676 1773 731 1798 m.
1183 1798 1185 1800 ,

230 1831 266 1879 §.
299 1829 365 1866 43.
424 1826 557 1880 Atqui.
623 1826 752 1880 Atque
787 1825 925 1867 Turio.
963 1824 1075 1866 AJm.
1197 1829 1276 1881 ejus
1315 1827 1442 1867 aliter.
1500 1828 1555 1868 αἶ.

119 1898 166 1946 ej.
205 1893 327 1934 Amb.
364 1899 402 1934 1.
526 1892 578 1931 lcl
616 1893 730 1947 qnod-
789 1893 910 1948 quue
954 1903 1106 1947 praeter
1142 1904 1380 1934 memoratos
1419 1894 1555 1935 Turio.

117 1963 226 2003 Flor.
270 1961 408 2014 Camp.
448 1958 569 2000 Amb.
601 1966 641 2001 2.
685 1960 805 2001 Paris.
835 1966 871 2000 1.
904 1967 943 2000 3.
1008 1960 1228 2014 Rea-eptam
1269 1964 1424 2014 primus
1450 1964 1574 2002 dedit'

119 2030 232 2071 Sich.
264 2039 302 2069 et
330 2044 412 2069 esse
441 2031 487 2069 in
514 2028 639 2069 Paris.
666 2033 706 2069 2.
728 2032 766 2069 5.
797 2029 916 2068 tradit
943 2028 1168 2069 I'ottierius.

631 2149 663 2192 C
694 2164 723 2191 A
753 2161 791 2191 P.
849 2149 1049 2191 XVIII.

231 2233 268 2283 ξ.
301 2236 340 2271 1.
398 2227 644 2285 θεωρητική.
694 2229 911 2268 rhetoricae
928 2229 1064 2269 Turio.
1088 2244 1110 2268 a
1130 2245 1190 2283 pr.
1211 2245 1266 2270 m.
1298 2230 1424 2286 (corr.
1450 2230 1556 2271 theo-

124 2297 261 2352 retice)
297 2298 484 2338 rhetorice
509 2297 617 2337 Flor.
647 2312 670 2336 a
699 2312 758 2350 pr.
789 2312 845 2336 m.
877 2296 930 2352 (a
956 2312 1033 2336 sec.
1062 2311 1117 2336 m.
1139 2297 1332 2348 theorica,
1368 2306 1412 2336 ut
1436 2297 1557 2336 habet

123 2365 256 2419 Ven.)
286 2365 411 2407 Amb.
430 2372 474 2409 2.
587 2367 628 2403 in
657 2364 731 2404 hoc
747 2366 861 2419 finis,
919 2365 959 2402 in
987 2364 1060 2403 hoc
1087 2365 1292 2404 theoretice
1306 2365 1408 2418 finis
1436 2363 1554 2403 Voss.

126 2437 164 2471 1.
198 2437 236 2471 3.
278 2431 409 2473 Guelf.
448 2432 584 2473 Turio.
624 2431 733 2472 Flor.
771 2429 883 2471 Alm.
940 2429 1137 2484 Apparet,
1184 2434 1229 2469 iu
1257 2439 1410 2470 vetusto
1439 2433 1554 2480 libro,

124 2500 232 2538 unde
268 2499 313 2537 hj
347 2502 573 2548 fluxerunt,
619 2515 690 2554 pro
734 2496 964 2552 θεωρητική
1002 2501 1120 2538 fuisse
1152 2498 1361 2546 rhetorice,
1403 2507 1442 2536 et
1469 2512 1557 2537 cor-

125 2569 341 2605 rectionem
376 2567 578 2607 theoretice
618 2582 702 2613 non
741 2581 812 2605 suo
841 2569 930 2606 loco
958 2569 1145 2606 insertam
1174 2580 1268 2605 esse.
1384 2575 1437 2603 cst
1465 2563 1556 2604 salt.

126 2631 215 2672 salt.
245 2643 299 2671 est
327 2631 462 2673 Turio.
491 2634 598 2674 Flor.
631 2633 755 2674 Amb.
789 2638 827 2673 1.
871 2632 1009 2686 Camp.
