1721 2974
187 119 242 162 αα
263 118 424 175 Quintil.
447 118 576 160 Instit.
604 116 702 168 VII,
721 123 761 159 2.
783 118 819 171 ς.
841 117 1036 159 ale—56,
1082 121 1120 156 3.
1144 98 1180 168 §ss
1205 120 1374 158 1--15.
1434 122 1515 158 365

75 233 302 289 lupanar-22]
354 234 463 274 Tum
493 232 620 274 Amb.
652 232 853 287 quaeritur
882 230 955 271 hoc
982 245 1035 269 an
1056 228 1297 284 hocsurlnm
1322 245 1371 269 an
1389 233 1517 270 sacri-

73 300 150 354 leg-
212 301 314 341 Flor.
346 304 546 355 quaeritur
576 317 627 339 an
654 300 727 341 Ιιοσ
751 300 992 358 sur-tum'an
1016 297 1279 351 sacrilegimn.
1361 297 1516 349 [Amb.

72 371 309 422 scripturam
337 383 473 408 veram
501 370 711 418 existimo,
753 370 970 408 nimirum:
1007 367 1229 420 quaeritur,
1261 364 1334 404 hoc
1355 382 1406 404 αη
1429 365 1518 418 hoc,

73 434 241 489 (supple
272 438 344 484 sii,
389 435 498 473 verbi
528 434 674 488 causa)
703 434 865 491 furlum
893 451 946 474 an
973 432 1269 487 sacrilegium]
1335 435 1518 472 Verbum

75 519 226 542 neccsse
252 506 296 541 in
314 502 421 542 Flor.
443 511 482 541 et
501 499 626 540 Amb.
645 515 731 542 non
753 505 913 555 legitur.

190 573 226 619 §.
261 575 325 610 10.
384 580 420 607 et
450 569 524 608 hoc
553 567 695 609 codem.
759 567 881 611 Amb.
915 568 1023 609 Flor.
1053 577 1089 606 et
1121 567 1194 608 hoc
1224 577 1259 606 ct
1287 566 1362 607 hoc
1388 566 1519 607 eodem

76 637 239 676 habeut.
287 635 413 676 Amb.
439 639 536 675 item
558 635 685 676 habet.
799 653 888 675 num
920 647 956 674 ct
984 638 1086 690 priv.
1132 634 1256 675 Amb.
1285 651 1359 686 an,
1409 634 1516 675 Flor.

75 720 97 743 a
120 720 180 756 pr.
206 718 260 744 m.
282 720 394 752 nam,
437 718 459 742 a
479 718 556 743 sec.
578 719 678 744 num.
763 714 799 742 ct
821 707 863 742 in
886 703 963 757 lup.
1013 701 1138 743 Amb.
1160 704 1305 742 omittit
1325 705 1382 741 in.
1468 718 1519 740 an

75 774 190 810 eliam
211 774 262 810 in.
312 769 417 808 Flor.
446 773 532 809 sine
563 772 626 821 in,
664 768 789 810 Amb.
818 771 975 810 videtur
1002 781 1038 808 et
1065 771 1286 823 praeferre,
1323 784 1418 808 nam
1447 771 1519 824 qui

73 841 245 879 contulit
270 839 427 876 notavit
443 852 514 890 pro
536 848 572 875 et
594 853 675 876 esse
696 840 810 877 ctiam
825 869 835 889 ,
880 847 920 877 at
946 840 990 875 in
1020 836 1215 877 Obrecht.
1231 846 1289 876 est
1306 839 1434 877 ctiam.

185 908 219 956 §.
253 909 316 944 11.
373 903 544 957 perinde.
591 903 698 945 Flor.
722 914 761 944 et
777 903 903 944 Aan.
917 904 1095 958 proinde.
1179 904 1276 943 haec
1295 914 1410 958 atque
1432 903 1519 945 illa.

73 971 179 1013 Flor.
206 972 302 1011 haec
330 982 455 1010 autem
477 981 594 1025 atque
614 972 708 1025 illa,
750 970 873 1012 Amb.
899 972 994 1010 hacc
1014 981 1140 1010 autem
1157 970 1244 1011 illa.

184 1041 222 1091 §.
255 1044 319 1079 12.
363 1040 606 1093 finitionum.
643 1037 767 1078 Amb.
787 1038 893 1079 Flor.
920 1038 1163 1077 divisionum.
1249 1037 1358 1078 Tum
1376 1041 1519 1079 ambo:

72 1109 231 1147 sentient
260 1122 336 1145 non
361 1105 482 1144 isdem
513 1104 663 1160 (Amb.
685 1105 855 1159 hisdem)
884 1106 1015 1145 verbis
1038 1105 1356 1160 comprehendat,
1394 1104 1521 1147 Amb.

73 1190 144 1229 pro
166 1173 323 1228 quidam.
341 1173 463 1213 habet
482 1173 634 1227 quidem
645 1203 657 1222 ,
701 1183 939 1227 quapropter
960 1174 1215 1213 scribendum
1235 1173 1392 1212 videtur
1405 1188 1418 1213 .·
1448 1173 1522 1212 Est

74 1253 113 1281 ct
143 1240 235 1280 ialis
253 1242 486 1295 finitionum
512 1240 742 1290 diversitas,
784 1252 825 1280 ut
845 1241 946 1280 iclcm
966 1244 1154 1291 sentiant,
1185 1256 1261 1279 non
1280 1240 1417 1279 iisdem
1432 1256 1522 1279 vcr-

75 1310 134 1348 his
165 1307 502 1361 comprehendant.
607 1311 644 1348 si
672 1325 795 1349 sensu.
844 1308 952 1348 Flor.
978 1317 1017 1348 et
1035 1306 1158 1349 Amb.
1183 1310 1220 1346 si
1247 1308 1372 1364 officii
1395 1324 1520 1348 sensu.

71 1375 319 1417 Itemfflnbo
349 1386 526 1428 pugnant
554 1390 626 1428 pro
656 1379 755 1416 olim
785 1379 948 1428 vulgato
978 1385 1170 1430 pugnent,
1222 1383 1263 1414 et
1295 1374 1523 1415 dissentiunt

71 1458 143 1497 pro
173 1441 411 1481 dissentiant.

187 1511 224 1560 §.
259 1514 325 1549 13.
380 1510 508 1548 verbis
527 1520 567 1548 ut
590 1511 684 1564 quid
701 1519 775 1551 cet.
827 1510 934 1551 Flor.
963 1513 1043 1550 sic:
1074 1510 1201 1549 verbis
1219 1509 1313 1564 quid
1327 1521 1416 1550 sunt
1437 1509 1523 1550 cla-

73 1580 218 1632 rigatio
253 1587 337 1615 erat
378 1587 419 1614 ut
459 1579 613 1615 interim
652 1581 753 1617 notis
779 1581 929 1618 nomine
957 1577 1106 1617 videbis
1134 1577 1239 1632 quod
1270 1580 1336 1618 sit.
1392 1576 1523 1619 Amb.

70 1646 199 1684 verbis
233 1655 273 1682 ut
302 1643 396 1698 quid
424 1654 512 1682 sunt
539 1643 750 1698 clarigatio
781 1656 888 1697 σοῖς
928 1647 1007 1696 cit5
1054 1648 1212 1684 interim
1240 1648 1342 1685 notis
1370 1648 1523 1685 nomine

71 1712 220 1753 videbis
250 1710 345 1765 quid
371 1713 436 1750 sit.
515 1709 727 1765 [Apparet
766 1714 912 1764 igitur,
963 1714 1288 1753 emendationem
1323 1711 1524 1753 Obrechti

68 1779 305 1836 proletarius
338 1793 360 1817 a
388 1779 465 1817 fide
493 1771 691 1819 'veteribus
720 1781 830 1819 libris
863 1780 996 1819 debita
1021 1783 1141 1834 longe
1169 1781 1379 1833 recedere,
1417 1781 1522 1820 mlhi

72 1848 236 1902 quidem
258 1842 470 1898 =clarigatio
489 1849 588 1885 crcti
606 1848 675 1885 citi
693 1847 910 1899 legendum
930 1848 1110 1899 videtur,
1143 1864 1241 1887 nam
1260 1850 1379 1888 fuisse
1400 1851 1523 1889 etiam

72 1915 375 1965 clarigationem
421 1913 627 1966 quandam
675 1914 906 1964 judicialem
951 1918 996 1953 iu
1045 1916 1261 1955 dividenda
1300 1915 1521 1956 hereditate

71 1983 266 2034 significat
299 1982 458 2018 Servius
487 1980 538 2018 ad
566 1979 682 2032 Virg.
711 1977 817 2020 Aen,
847 1979 929 2032 IX,
963 1983 1016 2022 43
1051 1992 1090 2022 et
1120 1981 1181 2034 X,
1209 1983 1303 2034 14.]
1389 1984 1521 2040 efficit.

71 2048 179 2088 Flor.
210 2055 255 2085 ut
289 2045 425 2086 Turio.
460 2047 627 2102 efficiat,
670 2062 721 2086 ex
748 2046 872 2087 Amb.
896 2049 1004 2088 nihil
1022 2058 1206 2089 notatum
1224 2052 1303 2090 nisi
1319 2059 1407 2104 post
1427 2066 1522 2091 eum

74 2116 266 2156 exhibere
285 2114 499 2153 subicerent
519 2129 590 2166 pro
611 2114 854 2166 subjecerint.

187 2183 226 2233 §.
258 2182 324 2221 14.
378 2197 450 2235 per
479 2192 720 2233 argumenta.
778 2179 828 2220 In
855 2181 961 2223 Flor.
994 2192 1035 2223 et
1061 2185 1182 2224 Amb.
1214 2184 1324 2224 deest
1350 2202 1436 2240 per.

73 2253 330 2294 constrictum
361 2247 542 2288 vinculis.
603 2246 742 2288 Ambo
765 2251 956 2290 omittunt
984 2253 1047 2302 in,
1087 2253 1186 2291 item
1212 2267 1310 2292 mox
1335 2256 1522 2306 ignorant

74 2319 216 2359 habeat
238 2326 277 2356 et
297 2327 344 2356 ct.
439 2315 503 2355 vel
530 2326 673 2355 iacere.
720 2314 846 2357 Amb.
874 2319 982 2357 unde
1003 2321 1248 2373 principium
1273 2325 1521 2374 corruptelae

76 2401 211 2428 orsum
228 2394 286 2424 est
301 2382 366 2423 vel
382 2399 518 2423 cacere
526 2413 538 2431 ,
567 2383 663 2421 inde
680 2384 855 2423 secunda
872 2400 1016 2426 manus
1039 2387 1174 2427 addito
1196 2404 1216 2425 r
1234 2390 1329 2427 fecit
1348 2405 1518 2445 εανοενε,

26 2476 27 2481 ’
75 2452 184 2495 Flor.
205 2452 360 2492 addidit
381 2453 503 2491 etiam
522 2452 585 2501 in,
625 2459 670 2490 ut
688 2460 787 2490 esset
810 2453 850 2490 in
871 2468 1037 2492 carcere.

20 2614 37 2974 ἡ

191 2521 229 2572 §.
263 2523 331 2560 15.
391 2529 466 2569 est,
498 2520 579 2573 qui.
626 2516 758 2558 Abest
777 2521 845 2573 qui
865 2534 887 2558 a
909 2518 1015 2561 Flo‘r.
1038 2529 1078 2562 et
1096 2520 1220 2564 Amb.
1308 2521 1520 2569 devinctus.

19 2642 23 2657 .
74 2585 181 2629 Flor.
207 2586 400 2637 devictus,
438 2587 508 2628 sed
528 2600 579 2626 ex
597 2584 724 2627 Amb.
745 2586 852 2627 nihil
872 2596 1045 2628 notatur.
