1721 2974
125 160 205 197 300
568 155 838 212 supplementa
867 154 1130 194 annotationis

234 270 271 322 §.
303 275 343 311 2.
400 269 557 311 ultores.
609 268 733 310 Goth.
757 265 937 308 ulctores.
1033 277 1124 308 rest.
1143 283 1271 324 posse.
1321 266 1443 310 Goth.
1463 287 1503 324 p.
1527 287 1562 310 r.

233 351 270 402 §.
298 354 339 390 3.
397 349 541 402 eodem,
564 359 671 387 ct—
691 362 769 386 reo.
806 344 929 387 Amb.
953 350 991 387 1.
1013 352 1052 388 2.
1081 346 1186 388 Flor.
1218 349 1409 388 omittunt
1443 351 1563 388 etiam

121 427 157 456 et
179 433 254 471 pro
279 417 423 457 eodem.
538 417 718 456 omnium.
762 412 890 454 Aan.
915 418 952 455 1.
973 419 1014 455 2.
1039 414 1144 455 Flor.
1175 417 1297 455 etiam
1327 415 1479 470 aliqua.

120 501 230 540 quem
251 488 416 540 impune.
459 482 562 525 Flor.
590 480 717 522 Amb.
742 486 782 523 2.
816 484 1022 522 omittunt.
1050 482 1159 525 Jens.
1181 492 1221 525 et
1239 483 1331 526 edd.
1353 492 1443 529 ante
1460 480 1564 524 Ald.

120 567 231 607 quem
257 563 436 607 tempore.
546 552 690 604 iniquo.
740 547 880 602 Camp.
899 551 940 589 in
959 552 1105 605 iniquo.

235 633 271 682 §.
301 632 340 670 4.
399 644 485 668 cum
507 630 724 682 proposito.
784 627 912 672 Aan‚
947 633 982 668 1.
1020 645 1107 668 cum
1135 631 1176 668 in
1205 632 1481 685 propositione.

120 701 333 740 contrario.
393 694 521 736 Amb.
555 700 592 737 1,
630 698 853 749 contraria,
900 696 971 736 sed
1007 699 1115 749 prius
1150 700 1314 739 fortasse
1350 707 1396 738 ut
1427 699 1562 738 editio.

204 768 321 806 ratio,
370 762 478 805 Flor.
500 778 522 803 a
543 778 619 803 seo.
640 778 692 801 m.
719 764 862 802 oratio.
956 763 1134 819 sacrum.
1179 764 1305 806 Amb.
1331 770 1368 806 1.
1388 771 1427 806 2.
1455 764 1565 805 Flor.

119 837 240 874 etiam
260 843 403 873 actum.
496 846 635 885 poena.
678 827 805 870 Amb.
826 835 867 871 2.
886 829 1057 884 poenali.
1159 834 1264 886 quin.
1312 830 1436 872 Amb.
1458 838 1497 873 1.
1520 838 1562 873 2.

116 902 208 943 Par.
232 905 271 941 1.
293 906 333 942 2.
353 902 473 939 etiam
493 897 612 953 quod.
658 895 767 938 Flor.
798 896 906 954 quid.
1019 914 1039 937 ε
1059 909 1183 939 contr.
1234 898 1360 941 Amb.
1386 905 1424 942 1.
1455 899 1503 939 de
1526 916 1561 945 c,

204 980 246 1007 tu
275 968 386 1007 hacc.
441 965 567 1007 Aan.
600 980 679 1005 om.
718 976 772 1006 tu.
886 965 1019 1006 damn.
1059 976 1103 1006 tw
1130 969 1179 1007 si.
1238 967 1347 1008 Flor.
1386 978 1416 1008 1.
1455 985 1489 1007 s.
1520 968 1560 1009 (7.

120 1035 243 1078 Goth.
272 1036 381 1078 Jens.
413 1044 452 1075 et
483 1034 574 1075 edd.
608 1043 700 1074 ante
730 1031 885 1089 Gryph.
907 1031 946 1075 ἆ.
964 1051 997 1075 s.
1017 1043 1072 1083 a,
1116 1050 1202 1075 exc.
1224 1034 1358 1088 sich„
1398 1051 1500 1091 quae
1522 1035 1560 1075 ἅ.

113 1107 194 1146 nisi
222 1115 277 1145 tu.

228 1188 264 1237 ξ.
299 1188 337 1225 5.
397 1185 528 1222 etiam.
578 1179 718 1234 Camp.
741 1184 902 1222 omittit.
988 1182 1173 1237 probatio
1201 1206 1257 1213 —--
1285 1198 1380 1237 opus
1399 1198 1475 1222 non
1493 1186 1560 1224 sit.

116 1251 242 1292 Amb.
270 1257 306 1292 1.
325 1252 438 1306 prob.
463 1266 735 1304 nonnunquam
755 1252 871 1289 eiiam
894 1250 1060 1305 complio
1080 1266 1174 1305 opas
1193 1266 1269 1289 non
1288 1252 1351 1290 sit.
1452 1266 1559 1292 vero.

117 1320 283 1362 Omittit
305 1323 426 1359 etiam
442 1318 552 1359 Flor.
663 1320 829 1357 rationis
849 1343 906 1348 —-
930 1319 1190 1373 probationis.
1241 1316 1380 1371 Camp.
1411 1322 1562 1358 ratione

115 1410 172 1418 -—
187 1388 431 1443 probatione.
518 1384 797 1441 compleoeione.
844 1384 953 1426 Flor.
975 1385 1175 1441 complane
1195 1387 1331 1426 etiam.
1378 1385 1503 1428 Amb.
1517 1393 1557 1428 2.

115 1455 329 1510 cumplane.
437 1457 590 1509 tripert.
625 1465 660 1493 et
689 1455 827 1509 hiperi.
884 1453 954 1495 Sic
985 1457 1107 1494 etiam
1131 1453 1240 1495 Flor.
1270 1452 1397 1495 ..Α-1111).
1425 1462 1466 1497 2.
1523 1468 1559 1497 et

113 1524 249 1579 hiperi.
273 1525 421 1563 omittit
447 1521 574 1563 Amb.
607 1527 646 1563 1.

202 1604 237 1655 ξ.
272 1606 310 1642 6.
368 1601 563 1657 plurimis.
612 1599 741 1642 Amb.
774 1605 812 1642 1.
841 1607 880 1643 2.
919 1600 1028 1642 Flor.
1056 1600 1247 1656 pluribus.
1348 1612 1426 1641 tres
1453 1619 1558 1642 sum-

113 1688 216 1711 mum
240 1669 432 1710 videntur.
489 1667 616 1708 Amb.
640 1675 678 1709 1.
707 1685 825 1723 super
848 1671 1012 1708 lituram
1034 1671 1288 1708 rectissimum
1310 1669 1473 1710 videtur.

114 1739 251 1778 hahent
281 1740 358 1776 ista
390 1747 470 1776 nat.
517 1735 627 1777 Flor.
649 1735 775 1777 Amb.
799 1743 838 1777 2.
860 1736 949 1776 Par.
976 1741 1014 1776 1.
1038 1740 1156 1776 etiam
1175 1737 1287 1775 habet
1308 1739 1336 1777 i.
1356 1754 1394 1778 n.
1442 1737 1555 1779 Sich.

114 1821 276 1861 quoque
312 1805 428 1843 habet
467 1815 549 1843 nat.
660 1803 799 1858 adjici.
857 1802 997 1857 Camp.
1037 1803 1146 1845 addi.
1260 1820 1315 1843 ex
1356 1821 1555 1846 consensu.

115 1874 251 1915 Guelf.
288 1872 414 1912 Amb.
444 1878 484 1912 2.
524 1870 644 1911 Voss.
668 1877 707 1912 2.
730 1877 769 1912 3.
820 1869 943 1912 Goth.
981 1871 1091 1911 Jens.
1123 1880 1162 1911 et
1191 1872 1282 1911 edd.
1314 1881 1406 1911 ante
1438 1871 1557 1922 Bad„

113 1958 216 1998 quae
246 1956 299 1979 εχ
330 1956 581 1990 consensum,
631 1942 822 1978 omittunt
849 1954 918 1978 cx.
1049 1937 1364 1978 antecedentium.
1423 1937 1558 1981 Guelf.

110 2011 236 2052 Amb.
273 2014 312 2049 2.
342 2007 460 2048 Voss.
481 2012 522 2047 2.
544 2011 582 2046 3.
604 2022 658 2045 ex
677 2003 852 2045 anteced.
962 2007 1091 2060 partis
1111 2015 1146 2044 et
1167 2021 1309 2046 eoeorn.
1355 2004 1482 2046 Amb.
1516 2013 1554 2051 1.

110 2078 218 2120 Flor.
236 2095 276 2132 p.
299 2092 441 2115 exorn.
462 2084 517 2113 est
541 2084 590 2115 et.
703 2071 860 2113 eisdem.
907 2070 1033 2113 Aan.
1057 2078 1094 2113 1.
1126 2072 1233 2114 Flor.
1260 2088 1283 2112 a
1311 2088 1392 2113 sec.
1417 2088 1476 2115 m.
1499 2078 1556 2114 is-

110 2146 213 2185 dem.
260 2143 395 2184 Turio.
427 2156 450 2181 a
471 2158 530 2195 pr.
550 2156 608 2182 m.
638 2137 751 2181 Alm.
783 2139 919 2181 Guelf.
953 2139 1079 2181 Amb.
1100 2146 1141 2181 2.
1167 2140 1282 2180 Voss.
1304 2144 1342 2181 1.
1364 2146 1404 2181 3.
1433 2140 1553 2182 Bern.

109 2213 246 2254 eidem.
305 2210 408 2266 [Pro
429 2209 561 2251 cedere
584 2209 676 2250 vide
699 2223 750 2248 an
770 2211 914 2249 melius
936 2211 986 2248 sit
1006 2207 1190 2248 accedere
1207 2210 1274 2249 vel
1292 2211 1527 2263 accensa-ct}

221 2303 260 2354 §.
286 2306 329 2342 7.
386 2298 608 2339 sumamus.
661 2296 788 2339 Amb.
821 2303 859 2339 1.
889 2314 1081 2348 summus,
1130 2298 1200 2338 sed
1224 2313 1301 2339 sec.
1324 2311 1381 2339 m.
1412 2313 1554 2352 super-

108 2372 262 2423 scripsit
292 2384 330 2408 a.
446 2369 561 2407 enim.
622 2364 689 2407 Sic
717 2369 838 2406 etiam
867 2363 989 2407 Amb.
1027 2370 1064 2407 1.
1096 2365 1188 2407 Par.
1218 2371 1257 2407 1.
1288 2372 1328 2407 2.
1387 2365 1553 2408 Omittit

109 2442 233 2479 etiam
251 2436 283 2477 F
286 2440 361 2477 lor.
379 2466 391 2487 ‚
432 2445 560 2475 autem
582 2442 674 2474 ante
694 2432 819 2473 Basil.
846 2435 913 2474 dat
934 2432 1048 2474 Sich.
1159 2449 1214 2473 σα,-
1238 2430 1321 2473 Cic.
1372 2431 1506 2474 Guelf.
1525 2450 1552 2475 a

114 2505 197 2546 Cic.
307 2503 587 2558 gubernantur.
643 2499 770 2542 Aan.
806 2507 843 2542 1.
873 2502 1200 2555 adgubernantur.
1316 2517 1416 2555 quac
1444 2518 1550 2544 οοηε.

109 2571 245 2613 Turio.
264 2574 383 2612 inser.
403 2573 500 2610 sine.
612 2580 824 2610 numerant.
879 2569 1005 2610 Amb.
1028 2575 1065 2609 1.
1087 2580 1216 2618 erant,
1254 2584 1278 2609 a
1301 2584 1379 2609 sec.
1402 2584 1458 2610 m.
1482 2569 1552 2625 fh-

114 2650 214 2679 runt.
276 2638 412 2679 Guelf.
445 2648 630 2678 numerat.
748 2648 900 2692 pulani.
957 2635 1090 2677 Guelf.
1116 2647 1241 2691 putat.
1361 2648 1548 2691 oportere.
