1721 2974
193 193 247 235 acl
271 194 402 247 Quint.
424 193 520 234 Inst.
543 192 580 246 Ῑ,
601 199 640 235 8.
661 197 698 248 §.
724 196 901 234 11-21,
936 197 975 234 9.
997 193 1032 245 §.
1056 197 1186 232 1—-6,
1221 197 1287 232 10.
1309 193 1344 244 §.
1366 197 1406 232 1.
1466 196 1518 233 57

79 306 227 350 Baliol.
267 307 392 349 Paris.
424 313 463 348 3.
495 307 535 348 4.
567 311 607 348 5.
666 304 850 362 quidquid
875 307 960 362 quis
996 304 1120 346 Paris.
1152 310 1190 346 1.
1247 304 1340 360 quicl
1368 307 1522 359 quisquc

79 373 204 417 Paris.
231 380 269 415 1.
311 373 450 428 Camp.
1180 398 1192 412 .

193 443 229 496 §.
257 447 324 484 19.
383 441 521 482 scedas
558 444 679 481 etiam
719 440 845 482 Amb.
879 446 921 482 2.
977 438 1102 480 Amb.
1128 438 1166 480 1.
1203 455 1225 479 a
1253 455 1313 494 pr.
1343 455 1399 479 m.
1429 440 1521 479 edd.

80 517 175 549 vett.
206 512 433 563 pleraeque.
491 508 624 549 scidas
654 508 789 550 Turio.
820 524 842 547 a
871 524 930 561 pr.
958 522 1013 547 m.
1063 505 1189 547 Amb.
1224 512 1262 548 1.
1303 523 1326 546 a
1361 523 1438 547 sec.
1465 523 1522 548 m.

136 576 271 616 sordes
301 575 440 630 Camp.
556 576 775 629 hujusmodi
811 575 936 616 Ajnb.
960 580 999 615 1.

194 644 232 694 §.
262 649 331 684 20.
400 659 546 698 quoquc
586 658 665 684 om.
708 646 828 683 etiam
865 642 986 684 Paris.
1016 647 1057 683 2.
1106 639 1231 683 Amb.
1264 648 1331 695 2.3
1381 645 1526 684 retinet

80 707 206 752 Paris.
232 714 270 751 1.
302 708 467 764 Camp.,
503 712 594 751 fort.
626 713 746 750 ceteri
756 740 768 758 ,
813 713 882 765 qui
910 712 1089 750 silentur.

197 778 235 828 §.
264 782 332 818 21.
393 777 446 816 acl
485 776 655 817 ridicula
692 776 816 818 Goth.
856 777 975 821 Voss.
1007 783 1048 818 2.
1092 791 1184 817 cum
1223 777 1314 816 edd.
1356 791 1382 816 a·
1415 777 1524 818 Jens.

82 859 207 898 usque
237 844 287 883 ad
313 843 466 885 VidOV.
580 847 815 883 mentiantur
843 844 980 885 Turio.
1010 843 1117 884 Flor.
1148 843 1272 884 Amb.
1301 849 1338 884 1.
1379 843 1526 886 Baliol.

83 910 203 951 Voss.
235 916 273 951 3.
313 910 438 951 Paris.
472 915 510 951 1.
539 916 579 952 2.
608 918 648 951 5.
684 910 823 964 Camp.
860 911 992 951 Andr.
1035 911 1175 966 Steph.
1216 910 1396 967 Gryph.;
1444 928 1528 952 non

84 981 212 1030 male,
252 993 346 1021 cum
372 993 563 1019 numerus
592 982 755 1033 pluralis
787 982 1046 1032 intelligatur.

655 1079 688 1121 C
718 1094 745 1120 A
777 1096 816 1122 ι’.
875 1078 964 1121 IX.

200 1161 238 1211 §.
272 1165 310 1201 1.
370 1169 457 1200 sunt
498 1158 604 1214 quid.
645 1158 754 1199 Flor.
814 1162 953 1199 aciatis
994 1161 1179 1214 capientis
1210 1158 1335 1200 Codd.
1367 1169 1405 1200 et
1438 1161 1529 1202 edd.

88 1235 184 1267 vett.
221 1230 393 1278 multae3
445 1227 561 1266 codd.
602 1228 764 1281 quidem
799 1242 915 1280 saepe
955 1230 1009 1266 ita
1052 1230 1270 1266 terminant
1299 1243 1345 1266 ea
1374 1243 1531 1284 quoque

89 1297 233 1345 verba,
281 1310 382 1349 quae
413 1297 456 1332 in
486 1296 563 1333 ium
591 1309 674 1333 nou
704 1303 866 1334 exeunt.

204 1362 240 1414 §.
271 1367 310 1402 2.
368 1361 456 1414 [De.
487 1364 759 1401 consummatis
783 1360 1072 1417 prffessoribus
1110 1364 1160 1401 cf.
1192 1360 1378 1415 Sat-pium
1406 1364 1531 1406 Anal.

89 1442 131 1480 p.
153 1433 206 1468 25
237 1431 509 1467 consummatis
533 1428 774 1483 prquciibus
805 1431 1082 1479 conjicientem
1109 1438 1148 1468 et
1169 1428 1462 1470 Buttmannum
1489 1436 1534 1471 iu

90 1496 216 1546 praef.
245 1494 344 1536 Vol.
376 1493 441 1535 IV
467 1510 508 1548 p.
535 1493 617 1536 XI.
675 1493 875 1550 Equidem
911 1510 1070 1535 causam
1108 1497 1224 1537 video
1261 1500 1417 1537 nullam
1446 1516 1534 1540 cor-

91 1562 286 1616 rigendh]

208 1631 245 1681 §.
278 1636 317 1671 3.
374 1629 594 1682 ethimolog.
635 1628 773 1670 Turio.
812 1629 951 1684 Flor.3
1003 1629 1132 1672 ethiol.
1179 1630 1305 1672 Amb.
1342 1638 1378 1673 1.
1413 1650 1435 1673 a
1473 1651 1533 1688 pr.

93 1713 150 1738 m.
266 1697 466 1737 doctorum
494 1697 632 1738 Turio.
661 1696 770 1737 Flor.
802 1695 925 1739 Goth.
957 1697 1082 1739 Amb.
1107 1704 1145 1739 1.
1178 1715 1198 1738 a
1228 1716 1306 1740 sec.
1328 1717 1383 1742 m.
1414 1701 1534 1744 Bodl.

93 1764 208 1805 Alm.
238 1764 356 1804 Voss.
375 1770 416 1805 2.
445 1764 555 1805 JenS.
582 1767 684 1805 Loc.
705 1763 826 1805 Tarv.
856 1764 966 1806 Ven.
1080 1766 1211 1807 aetiol.
1243 1767 1379 1810 Turio.
1439 1774 1536 1810 acii-

95 1832 189 1874 mol.
218 1831 355 1872 Turio.
387 1848 409 1871 a
435 1848 512 1872 sec.
545 1847 601 1871 m.
630 1830 756 1872 Amb.
781 1837 819 1873 1.
849 1848 872 1872 a
900 1849 977 1874 sec.
1008 1849 1064 1873 m.

210 1901 247 1952 §.
276 1900 317 1939 4.
374 1901 458 1954 quis
497 1898 588 1943 clix.
628 1898 723 1954 aliq.
763 1898 828 1939 vel
850 1900 942 1958 fic.
979 1899 1087 1941 Flor.
1131 1899 1256 1942 Amb.
1289 1908 1326 1943 1.
1357 1910 1397 1944 2.
1435 1903 1534 1946 Ald.

98 1969 183 2021 quis
212 1983 287 2005 non
315 1965 405 2006 diac.
436 1965 529 2020 aliq.
554 1965 637 2021 fec.
677 1964 815 2007 Turic.
854 1983 877 2007 a
905 1983 965 2021 pr.
994 1983 1050 2008 m.
1094 1968 1172 2022 (al.
1201 1985 1256 2010 m.
1291 1972 1443 2012 addidit
1469 1973 1538 2012 scd

99 2042 187 2086 post
218 2030 335 2085 clix.)
394 2031 488 2086 aliq.
521 2032 687 2071 dixisset
717 2033 781 2072 vel
793 2034 959 2092 ficisset
989 2034 1114 2075 Paris.
1137 2041 1175 2076 3.
1198 2042 1236 2078 6.

213 2099 252 2150 §.
284 2103 323 2139 5.
380 2101 421 2138 in
452 2099 708 2155 ipsor·umf,·
749 2103 805 2140 ita
835 2105 955 2140 etiam
983 2101 1090 2142 Flor.
1120 2102 1244 2144 Amb.
1270 2110 1306 2145 1.
1328 2111 1369 2146 2.
1397 2105 1535 2160 Camp.

102 2168 194 2210 I’ar.
217 2171 255 2205 1.
277 2171 317 2205 2.
344 2170 383 2205 6.
499 2175 532 2204 et
562 2177 655 2206 tam.
714 2170 830 2206 etiam
858 2168 996 2209 Turio.
1027 2169 1134 2209 Flor.
1162 2169 1286 2210 Amb.
1311 2177 1349 2211 1.

216 2234 253 2285 §.
286 2236 324 2272 6.
379 2243 671 2287 praeceptorcs3
702 2236 757 2272 ita
777 2238 896 2273 etiam
915 2231 1051 2275 Turio.
1070 2235 1194 2276 Amb.
1216 2243 1256 2277 2.
1279 2237 1368 2278 I‘ar.
1392 2245 1428 2279 1.
1442 2247 1480 2280 2.
1498 2246 1536 2281 6.

105 2302 246 2355 Camp.
359 2311 558 2351 oratores,
594 2304 852 2354 superscripto
870 2314 1138 2356 praeceptores
1157 2302 1264 2343 Flor.
1280 2336 1291 2355 ‚
1333 2315 1376 2344 ut
1397 2322 1417 2345 e
1433 2307 1538 2361 Pog-

104 2373 223 2424 giano
245 2370 358 2408 affert
374 2365 535 2419 Regius.
642 2370 912 2420 grammaticis
936 2383 1016 2409 om.
1038 2368 1161 2411 Amb.
1185 2375 1222 2411 1.
1237 2403 1248 2423 ,
1278 2380 1318 2411 et
1335 2383 1426 2413 autc
1449 2391 1538 2430 ope-

108 2455 191 2477 rum
219 2438 354 2476 inserit
379 2436 644 2489 grammatici.

681 2522 837 2564 CAr.
905 2523 965 2564 Χ.

223 2594 260 2640 §.
293 2598 331 2633 1.
390 2592 438 2631 dc
462 2594 718 2646 grammatice
746 2590 882 2631 Turio.
922 2591 1028 2631 Flor.
1064 2590 1187 2633 Amb.
1210 2600 1250 2635 2.
1289 2594 1404 2637 Voss.
1433 2603 1468 2637 1.
1501 2608 1538 2638 et

111 2663 260 2717 aliquot
297 2660 388 2700 edd.
428 2669 545 2709 vem,
604 2674 705 2716 quae
736 2661 846 2716 quasi
883 2662 1059 2713 legitima
1100 2663 1225 2702 forma
1263 2661 1438 2714 Quintil.
1469 2675 1535 2714 est,
