<?xml version="1.0" encoding="UTF-8"?>
<!DOCTYPE html PUBLIC "-//W3C//DTD XHTML 1.0 Transitional//EN"
    "http://www.w3.org/TR/xhtml1/DTD/xhtml1-transitional.dtd">
<html xmlns="http://www.w3.org/1999/xhtml" xml:lang="en" lang="en">
 <head>
  <title>
</title>
<meta http-equiv="Content-Type" content="text/html;charset=utf-8" />
  <meta name='ocr-system' content='tesseract 3.04.00' />
  <meta name='ocr-capabilities' content='ocr_page ocr_carea ocr_par ocr_line ocrx_word'/>
</head>
<body>
  <div class='ocr_page' id='page_1' title='image "./deinstitutioneor05quinuoft_0283.png"; bbox 0 0 1721 2974; ppageno 0'>
   <div class='ocr_carea' id='block_1_1' title="bbox 430 166 1595 221">
    <p class='ocr_par' dir='ltr' id='par_1_1' title="bbox 430 166 1595 221">
     <span class='ocr_line' id='line_1_1' title="bbox 430 166 1595 221; baseline -0.002 -11"><span class='ocrx_word' id='word_1_1' title='bbox 430 169 484 210; x_wconf 73' lang='grc' dir='ltr'><strong><em>αίῖ</em></strong></span> <span class='ocrx_word' id='word_1_2' title='bbox 515 167 680 221; x_wconf 67' lang='lat' dir='ltr'><strong><em>Quintil.</em></strong></span> <span class='ocrx_word' id='word_1_3' title='bbox 713 167 842 207; x_wconf 81' lang='lat' dir='ltr'><strong><em>Instit.</em></strong></span> <span class='ocrx_word' id='word_1_4' title='bbox 879 166 932 216; x_wconf 60' lang='lat'><strong><em>77,</em></strong></span> <span class='ocrx_word' id='word_1_5' title='bbox 978 171 1042 208; x_wconf 87' lang='grc'><strong><em>10.</em></strong></span> <span class='ocrx_word' id='word_1_6' title='bbox 1073 167 1108 221; x_wconf 52' lang='lat' dir='ltr'><strong><em>§a</em></strong></span> <span class='ocrx_word' id='word_1_7' title='bbox 1141 170 1315 207; x_wconf 81' lang='lat'><strong>3--11-</strong></span> <span class='ocrx_word' id='word_1_8' title='bbox 1515 167 1595 208; x_wconf 79' lang='lat'><strong><em>251</em></strong></span> 
     </span>
    </p>
   </div>
   <div class='ocr_carea' id='block_1_2' title="bbox 144 279 1601 529">
    <p class='ocr_par' dir='ltr' id='par_1_2' title="bbox 144 279 1601 529">
     <span class='ocr_line' id='line_1_2' title="bbox 231 279 1597 338; baseline -0.001 -16"><span class='ocrx_word' id='word_1_9' title='bbox 231 282 338 322; x_wconf 81' lang='lat' dir='ltr'><strong><em>Nam</em></strong></span> <span class='ocrx_word' id='word_1_10' title='bbox 378 294 411 322; x_wconf 81' lang='lat' dir='ltr'><strong><em>et</em></strong></span> <span class='ocrx_word' id='word_1_11' title='bbox 451 283 702 338; x_wconf 72' lang='lat' dir='ltr'><strong><em>enthymema.</em></strong></span> <span class='ocrx_word' id='word_1_12' title='bbox 771 280 908 322; x_wconf 86' lang='lat' dir='ltr'><strong><em>Guelf.</em></strong></span> <span class='ocrx_word' id='word_1_13' title='bbox 949 280 1087 334; x_wconf 79' lang='lat' dir='ltr'><strong><em>Camp.</em></strong></span> <span class='ocrx_word' id='word_1_14' title='bbox 1126 294 1218 319; x_wconf 82' lang='lat' dir='ltr'><strong><em>nam</em></strong></span> <span class='ocrx_word' id='word_1_15' title='bbox 1266 289 1301 318; x_wconf 85' lang='lat' dir='ltr'><strong><em>et</em></strong></span> <span class='ocrx_word' id='word_1_16' title='bbox 1338 279 1597 336; x_wconf 71' lang='lat' dir='ltr'><strong><em>epichyrema.</em></strong></span> 
     </span>
     <span class='ocr_line' id='line_1_3' title="bbox 145 346 1598 406; baseline -0.001 -13"><span class='ocrx_word' id='word_1_17' title='bbox 145 351 250 393; x_wconf 82' lang='lat' dir='ltr'><strong>Obr.</strong></span> <span class='ocrx_word' id='word_1_18' title='bbox 291 369 329 393; x_wconf 85' lang='grc' dir='ltr'><strong><em>η.</em></strong></span> <span class='ocrx_word' id='word_1_19' title='bbox 361 368 390 392; x_wconf 88' lang='lat' dir='ltr'><strong><em>e.</em></strong></span> <span class='ocrx_word' id='word_1_20' title='bbox 430 351 677 406; x_wconf 71' lang='lat' dir='ltr'><em>epichirema.</em></span> <span class='ocrx_word' id='word_1_21' title='bbox 769 349 1006 405; x_wconf 73' lang='lat' dir='ltr'><em>enthymema</em></span> <span class='ocrx_word' id='word_1_22' title='bbox 1027 346 1090 380; x_wconf 71' lang='lat'><strong><em>⁷—-</em></strong></span> <span class='ocrx_word' id='word_1_23' title='bbox 1117 351 1251 387; x_wconf 86' lang='lat' dir='ltr'><strong><em>inesse.</em></strong></span> <span class='ocrx_word' id='word_1_24' title='bbox 1310 346 1378 388; x_wconf 75' lang='lat' dir='ltr'><strong><em>Sic</em></strong></span> <span class='ocrx_word' id='word_1_25' title='bbox 1406 347 1529 390; x_wconf 86' lang='lat' dir='ltr'><strong><em>Amb.</em></strong></span> <span class='ocrx_word' id='word_1_26' title='bbox 1563 357 1598 391; x_wconf 85' lang='lat'><strong><em>1.</em></strong></span> 
     </span>
     <span class='ocr_line' id='line_1_4' title="bbox 144 414 1601 473; baseline -0.001 -14"><span class='ocrx_word' id='word_1_27' title='bbox 144 423 284 460; x_wconf 82' lang='lat' dir='ltr'><strong><em>ceteris</em></strong></span> <span class='ocrx_word' id='word_1_28' title='bbox 323 421 490 460; x_wconf 87' lang='lat' dir='ltr'><strong><em>omissis.</em></strong></span> <span class='ocrx_word' id='word_1_29' title='bbox 608 418 820 472; x_wconf 68' lang='lat' dir='ltr'><strong><em>apodixin.</em></strong></span> <span class='ocrx_word' id='word_1_30' title='bbox 882 416 1018 459; x_wconf 81' lang='lat' dir='ltr'><strong><em>Guelf.</em></strong></span> <span class='ocrx_word' id='word_1_31' title='bbox 1056 416 1165 457; x_wconf 87' lang='lat' dir='ltr'><strong><em>Jens.</em></strong></span> <span class='ocrx_word' id='word_1_32' title='bbox 1203 414 1302 456; x_wconf 83' lang='lat' dir='ltr'>AJd.</span> <span class='ocrx_word' id='word_1_33' title='bbox 1345 416 1459 458; x_wconf 87' lang='lat' dir='ltr'><strong>Sich.</strong></span> <span class='ocrx_word' id='word_1_34' title='bbox 1503 435 1601 473; x_wconf 85' lang='lat' dir='ltr'><strong><em>apo-</em></strong></span> 
     </span>
     <span class='ocr_line' id='line_1_5' title="bbox 144 487 301 529; baseline 0.006 -3"><span class='ocrx_word' id='word_1_35' title='bbox 144 487 301 529; x_wconf 70' lang='lat' dir='ltr'><strong><em>(lomim.</em></strong></span> 
     </span>
    </p>
   </div>
   <div class='ocr_carea' id='block_1_3' title="bbox 144 561 1607 893">
    <p class='ocr_par' dir='ltr' id='par_1_3' title="bbox 144 561 1607 893">
     <span class='ocr_line' id='line_1_6' title="bbox 260 561 1600 620; baseline -0.001 -12"><span class='ocrx_word' id='word_1_36' title='bbox 260 570 294 618; x_wconf 86' lang='lat'><strong><em>§.</em></strong></span> <span class='ocrx_word' id='word_1_37' title='bbox 317 572 356 607; x_wconf 88' lang='grc'><strong><em>8.</em></strong></span> <span class='ocrx_word' id='word_1_38' title='bbox 398 581 634 620; x_wconf 82' lang='lat' dir='ltr'><strong><em>quanquam.</em></strong></span> <span class='ocrx_word' id='word_1_39' title='bbox 680 562 817 605; x_wconf 84' lang='lat' dir='ltr'><strong><em>Guelf.</em></strong></span> <span class='ocrx_word' id='word_1_40' title='bbox 847 563 972 604; x_wconf 84' lang='lat' dir='ltr'><strong><em>Amb.</em></strong></span> <span class='ocrx_word' id='word_1_41' title='bbox 988 570 1028 605; x_wconf 82' lang='lat'><strong><em>2.</em></strong></span> <span class='ocrx_word' id='word_1_42' title='bbox 1051 580 1180 619; x_wconf 81' lang='lat' dir='ltr'><strong><em>quam.</em></strong></span> <span class='ocrx_word' id='word_1_43' title='bbox 1260 565 1420 620; x_wconf 83' lang='lat' dir='ltr'><strong><em>finiunt.</em></strong></span> <span class='ocrx_word' id='word_1_44' title='bbox 1463 561 1600 607; x_wconf 87' lang='lat' dir='ltr'><strong><em>Guelf.</em></strong></span> 
     </span>
     <span class='ocr_line' id='line_1_7' title="bbox 144 630 1604 688; baseline -0.002 -12"><span class='ocrx_word' id='word_1_45' title='bbox 144 633 272 676; x_wconf 82' lang='lat' dir='ltr'><strong><em>Amb.</em></strong></span> <span class='ocrx_word' id='word_1_46' title='bbox 304 641 342 675; x_wconf 84' lang='lat'><strong><em>2.</em></strong></span> <span class='ocrx_word' id='word_1_47' title='bbox 373 633 497 673; x_wconf 87' lang='lat' dir='ltr'><strong><em>Bern.</em></strong></span> <span class='ocrx_word' id='word_1_48' title='bbox 517 634 641 688; x_wconf 79' lang='lat' dir='ltr'><strong><em>fiunt.</em></strong></span> <span class='ocrx_word' id='word_1_49' title='bbox 757 644 799 671; x_wconf 86' lang='lat' dir='ltr'><strong><em>ut</em></strong></span> <span class='ocrx_word' id='word_1_50' title='bbox 828 635 878 672; x_wconf 83' lang='lat' dir='ltr'><strong><em>sit</em></strong></span> <span class='ocrx_word' id='word_1_51' title='bbox 907 657 965 663; x_wconf 83' lang='lat'><strong><em>—-</em></strong></span> <span class='ocrx_word' id='word_1_52' title='bbox 994 633 1178 688; x_wconf 59' lang='lat' dir='ltr'><strong><em>offerens.</em></strong></span> <span class='ocrx_word' id='word_1_53' title='bbox 1234 630 1360 672; x_wconf 86' lang='lat' dir='ltr'><strong><em>Amb.</em></strong></span> <span class='ocrx_word' id='word_1_54' title='bbox 1381 636 1419 674; x_wconf 85' lang='lat'><strong><em>1.</em></strong></span> <span class='ocrx_word' id='word_1_55' title='bbox 1451 632 1604 674; x_wconf 75' lang='lat' dir='ltr'><strong><em>scilicet</em></strong></span> 
     </span>
     <span class='ocr_line' id='line_1_8' title="bbox 146 699 1606 757; baseline 0.001 -16"><span class='ocrx_word' id='word_1_56' title='bbox 146 703 293 741; x_wconf 79' lang='lat' dir='ltr'><strong><em>rationi</em></strong></span> <span class='ocrx_word' id='word_1_57' title='bbox 314 726 372 732; x_wconf 91' lang='grc'><strong><em>--</em></strong></span> <span class='ocrx_word' id='word_1_58' title='bbox 401 701 640 756; x_wconf 50' lang='lat' dir='ltr'><strong><em>offerentem.</em></strong></span> <span class='ocrx_word' id='word_1_59' title='bbox 699 699 807 742; x_wconf 84' lang='lat' dir='ltr'><strong><em>Flor.</em></strong></span> <span class='ocrx_word' id='word_1_60' title='bbox 840 701 991 740; x_wconf 74' lang='lat' dir='ltr'><strong><em>scilicet</em></strong></span> <span class='ocrx_word' id='word_1_61' title='bbox 1021 703 1209 740; x_wconf 71' lang='lat' dir='ltr'><strong><em>rationem</em></strong></span> <span class='ocrx_word' id='word_1_62' title='bbox 1229 725 1288 732; x_wconf 82' lang='lat'><strong><em>-—</em></strong></span> <span class='ocrx_word' id='word_1_63' title='bbox 1314 701 1388 756; x_wconf 80' lang='lat' dir='ltr'><strong><em>affi</em></strong></span> <span class='ocrx_word' id='word_1_64' title='bbox 1505 717 1606 757; x_wconf 79' lang='lat' dir='ltr'><strong><em>quae</em></strong></span> 
     </span>
     <span class='ocr_line' id='line_1_9' title="bbox 145 768 1607 823; baseline -0.001 -13"><span class='ocrx_word' id='word_1_65' title='bbox 145 779 270 810; x_wconf 81' lang='lat' dir='ltr'><strong><em>certa.</em></strong></span> <span class='ocrx_word' id='word_1_66' title='bbox 333 768 457 809; x_wconf 84' lang='lat' dir='ltr'><strong><em>Aan.</em></strong></span> <span class='ocrx_word' id='word_1_67' title='bbox 497 774 537 810; x_wconf 83' lang='lat'><strong><em>1.</em></strong></span> <span class='ocrx_word' id='word_1_68' title='bbox 576 786 673 823; x_wconf 77' lang='lat' dir='ltr'><strong><em>quae</em></strong></span> <span class='ocrx_word' id='word_1_69' title='bbox 713 771 753 807; x_wconf 84' lang='lat' dir='ltr'><strong><em>in</em></strong></span> <span class='ocrx_word' id='word_1_70' title='bbox 799 779 920 808; x_wconf 79' lang='lat' dir='ltr'><strong><em>certa.</em></strong></span> <span class='ocrx_word' id='word_1_71' title='bbox 1023 768 1152 823; x_wconf 74' lang='lat' dir='ltr'><strong><em>fidem</em></strong></span> <span class='ocrx_word' id='word_1_72' title='bbox 1192 784 1267 808; x_wconf 91' lang='lat' dir='ltr'><strong><em>non</em></strong></span> <span class='ocrx_word' id='word_1_73' title='bbox 1307 768 1478 812; x_wconf 78' lang='lat' dir='ltr'><strong><em>dubiam.</em></strong></span> <span class='ocrx_word' id='word_1_74' title='bbox 1534 769 1607 812; x_wconf 62' lang='lat' dir='ltr'><strong><em>Sic</em></strong></span> 
     </span>
     <span class='ocr_line' id='line_1_10' title="bbox 145 835 1603 893; baseline 0.003 -17"><span class='ocrx_word' id='word_1_75' title='bbox 145 839 270 877; x_wconf 85' lang='lat' dir='ltr'><strong><em>etiam</em></strong></span> <span class='ocrx_word' id='word_1_76' title='bbox 298 835 389 877; x_wconf 83' lang='lat' dir='ltr'><strong>Par.</strong></span> <span class='ocrx_word' id='word_1_77' title='bbox 414 842 452 878; x_wconf 87' lang='lat'><strong><em>1.</em></strong></span> <span class='ocrx_word' id='word_1_78' title='bbox 504 836 628 893; x_wconf 78' lang='lat' dir='ltr'><strong><em>fidem</em></strong></span> <span class='ocrx_word' id='word_1_79' title='bbox 659 835 786 876; x_wconf 79' lang='lat' dir='ltr'><strong><em>dubiis</em></strong></span> <span class='ocrx_word' id='word_1_80' title='bbox 815 836 906 877; x_wconf 80' lang='lat' dir='ltr'><strong>Par.</strong></span> <span class='ocrx_word' id='word_1_81' title='bbox 930 841 969 877; x_wconf 89' lang='grc'><strong><em>3.</em></strong></span> <span class='ocrx_word' id='word_1_82' title='bbox 999 852 1175 891; x_wconf 84' lang='lat' dir='ltr'><strong><em>quoque.</em></strong></span> <span class='ocrx_word' id='word_1_83' title='bbox 1267 847 1374 877; x_wconf 78' lang='lat' dir='ltr'><strong><em>certa</em></strong></span> <span class='ocrx_word' id='word_1_84' title='bbox 1403 839 1444 877; x_wconf 85' lang='lat' dir='ltr'><strong><em>in</em></strong></span> <span class='ocrx_word' id='word_1_85' title='bbox 1472 841 1603 881; x_wconf 62' lang='lat' dir='ltr'><strong><em>cenis:</em></strong></span> 
     </span>
    </p>
   </div>
   <div class='ocr_carea' id='block_1_4' title="bbox 144 902 1609 1095">
    <p class='ocr_par' dir='ltr' id='par_1_4' title="bbox 144 902 1609 1095">
     <span class='ocr_line' id='line_1_11' title="bbox 144 902 1545 958; baseline 0.001 -13"><span class='ocrx_word' id='word_1_86' title='bbox 144 903 284 945; x_wconf 82' lang='lat' dir='ltr'><strong><em>Turio.</em></strong></span> <span class='ocrx_word' id='word_1_87' title='bbox 322 903 430 946; x_wconf 88' lang='lat' dir='ltr'><strong><em>Flor.</em></strong></span> <span class='ocrx_word' id='word_1_88' title='bbox 472 920 495 945; x_wconf 81' lang='lat' dir='ltr'><strong>a</strong></span> <span class='ocrx_word' id='word_1_89' title='bbox 525 921 586 958; x_wconf 85' lang='lat' dir='ltr'><strong><em>pr.</em></strong></span> <span class='ocrx_word' id='word_1_90' title='bbox 617 920 668 943; x_wconf 88' lang='lat' dir='ltr'><strong><em>m.</em></strong></span> <span class='ocrx_word' id='word_1_91' title='bbox 706 902 818 945; x_wconf 82' lang='lat' dir='ltr'><strong><em>Alm.</em></strong></span> <span class='ocrx_word' id='word_1_92' title='bbox 853 907 1001 944; x_wconf 81' lang='lat' dir='ltr'><strong><em>incerta</em></strong></span> <span class='ocrx_word' id='word_1_93' title='bbox 1033 906 1074 943; x_wconf 83' lang='lat' dir='ltr'><strong><em>in</em></strong></span> <span class='ocrx_word' id='word_1_94' title='bbox 1103 906 1266 945; x_wconf 78' lang='lat' dir='ltr'><strong><em>cunctis.</em></strong></span> <span class='ocrx_word' id='word_1_95' title='bbox 1381 905 1545 955; x_wconf 80' lang='grc' dir='ltr'><strong><em>πίστεις.</em></strong></span> 
     </span>
     <span class='ocr_line' id='line_1_12' title="bbox 145 971 1604 1029; baseline 0.001 -16"><span class='ocrx_word' id='word_1_96' title='bbox 145 971 288 1025; x_wconf 79' lang='lat' dir='ltr'><strong><em>Cfflnp.</em></strong></span> <span class='ocrx_word' id='word_1_97' title='bbox 316 986 462 1021; x_wconf 84' lang='grc' dir='ltr'><strong>πιστις.</strong></span> <span class='ocrx_word' id='word_1_98' title='bbox 519 971 646 1013; x_wconf 84' lang='lat' dir='ltr'><strong><em>Amb.</em></strong></span> <span class='ocrx_word' id='word_1_99' title='bbox 672 978 712 1013; x_wconf 71' lang='grc'><strong><em>1.</em></strong></span> <span class='ocrx_word' id='word_1_100' title='bbox 734 979 774 1014; x_wconf 90' lang='grc'><strong><em>2.</em></strong></span> <span class='ocrx_word' id='word_1_101' title='bbox 806 971 930 1013; x_wconf 80' lang='lat' dir='ltr'><strong><em>Goth.</em></strong></span> <span class='ocrx_word' id='word_1_102' title='bbox 960 974 1088 1026; x_wconf 79' lang='lat' dir='ltr'><strong><em>pistis.</em></strong></span> <span class='ocrx_word' id='word_1_103' title='bbox 1205 972 1415 1027; x_wconf 80' lang='lat' dir='ltr'><strong><em>appellant.</em></strong></span> <span class='ocrx_word' id='word_1_104' title='bbox 1463 973 1604 1029; x_wconf 56' lang='lat' dir='ltr'><strong><em>Campss·</em></strong></span> 
     </span>
     <span class='ocr_line' id='line_1_13' title="bbox 145 1039 1609 1095; baseline 0.001 -14"><span class='ocrx_word' id='word_1_105' title='bbox 145 1040 407 1095; x_wconf 77' lang='lat' dir='ltr'><strong><em>appellantur.</em></strong></span> <span class='ocrx_word' id='word_1_106' title='bbox 523 1044 689 1083; x_wconf 76' lang='lat' dir='ltr'><strong><em>etiamsi.</em></strong></span> <span class='ocrx_word' id='word_1_107' title='bbox 749 1039 872 1082; x_wconf 83' lang='lat' dir='ltr'><strong><em>Amb.</em></strong></span> <span class='ocrx_word' id='word_1_108' title='bbox 897 1047 934 1082; x_wconf 85' lang='grc'><strong><em>1.</em></strong></span> <span class='ocrx_word' id='word_1_109' title='bbox 955 1056 1116 1095; x_wconf 88' lang='lat' dir='ltr'><strong><em>quoque</em></strong></span> <span class='ocrx_word' id='word_1_110' title='bbox 1135 1042 1303 1082; x_wconf 79' lang='lat' dir='ltr'><strong><em>etiamsi.</em></strong></span> <span class='ocrx_word' id='word_1_111' title='bbox 1362 1041 1469 1082; x_wconf 87' lang='lat' dir='ltr'><strong><em>Flor.</em></strong></span> <span class='ocrx_word' id='word_1_112' title='bbox 1488 1046 1609 1084; x_wconf 79' lang='lat' dir='ltr'><strong><em>etiam</em></strong></span> 
     </span>
    </p>
   </div>
   <div class='ocr_carea' id='block_1_5' title="bbox 146 1108 1608 1423">
    <p class='ocr_par' dir='ltr' id='par_1_5' title="bbox 146 1108 1608 1423">
     <span class='ocr_line' id='line_1_14' title="bbox 146 1108 1608 1165; baseline 0.002 -16"><span class='ocrx_word' id='word_1_113' title='bbox 146 1112 220 1159; x_wconf 84' lang='lat' dir='ltr'><strong><em>sit,</em></strong></span> <span class='ocrx_word' id='word_1_114' title='bbox 269 1124 291 1148; x_wconf 84' lang='lat' dir='ltr'><strong>a</strong></span> <span class='ocrx_word' id='word_1_115' title='bbox 316 1124 394 1149; x_wconf 86' lang='lat' dir='ltr'><strong><em>sec.</em></strong></span> <span class='ocrx_word' id='word_1_116' title='bbox 419 1123 475 1149; x_wconf 88' lang='lat' dir='ltr'><strong><em>m.</em></strong></span> <span class='ocrx_word' id='word_1_117' title='bbox 508 1108 604 1164; x_wconf 79' lang='lat' dir='ltr'><strong><em>quid</em></strong></span> <span class='ocrx_word' id='word_1_118' title='bbox 633 1112 701 1149; x_wconf 76' lang='lat' dir='ltr'><strong><em>sit.</em></strong></span> <span class='ocrx_word' id='word_1_119' title='bbox 759 1109 884 1151; x_wconf 80' lang='lat' dir='ltr'><strong><em>Amb.</em></strong></span> <span class='ocrx_word' id='word_1_120' title='bbox 908 1115 948 1151; x_wconf 77' lang='lat'><strong><em>2,</em></strong></span> <span class='ocrx_word' id='word_1_121' title='bbox 981 1111 1081 1148; x_wconf 80' lang='lat' dir='ltr'><strong><em>enim</em></strong></span> <span class='ocrx_word' id='word_1_122' title='bbox 1112 1111 1195 1148; x_wconf 79' lang='lat' dir='ltr'><strong><em>eisi-</em></strong></span> <span class='ocrx_word' id='word_1_123' title='bbox 1299 1109 1441 1165; x_wconf 74' lang='lat' dir='ltr'><strong><em>fidem..</em></strong></span> <span class='ocrx_word' id='word_1_124' title='bbox 1479 1110 1608 1153; x_wconf 85' lang='lat' dir='ltr'><strong><em>Amb.</em></strong></span> 
     </span>
     <span class='ocr_line' id='line_1_15' title="bbox 148 1176 1608 1233; baseline -0.003 -15"><span class='ocrx_word' id='word_1_125' title='bbox 148 1183 186 1218; x_wconf 86' lang='lat'><strong><em>1.</em></strong></span> <span class='ocrx_word' id='word_1_126' title='bbox 216 1177 326 1218; x_wconf 88' lang='lat' dir='ltr'><strong><em>Flor.</em></strong></span> <span class='ocrx_word' id='word_1_127' title='bbox 359 1176 496 1218; x_wconf 85' lang='lat' dir='ltr'><strong><em>Guelf.</em></strong></span> <span class='ocrx_word' id='word_1_128' title='bbox 525 1176 651 1218; x_wconf 87' lang='lat' dir='ltr'><strong><em>Amb.</em></strong></span> <span class='ocrx_word' id='word_1_129' title='bbox 673 1183 712 1218; x_wconf 87' lang='lat'><strong><em>2.</em></strong></span> <span class='ocrx_word' id='word_1_130' title='bbox 744 1176 865 1219; x_wconf 78' lang='lat' dir='ltr'><strong><em>Voss.</em></strong></span> <span class='ocrx_word' id='word_1_131' title='bbox 899 1183 937 1218; x_wconf 87' lang='lat'><strong><em>3.</em></strong></span> <span class='ocrx_word' id='word_1_132' title='bbox 966 1176 1089 1217; x_wconf 82' lang='lat' dir='ltr'><strong><em>Bern.</em></strong></span> <span class='ocrx_word' id='word_1_133' title='bbox 1122 1176 1289 1231; x_wconf 59' lang='lat' dir='ltr'><strong><em>quidem⁴</em></strong></span> <span class='ocrx_word' id='word_1_134' title='bbox 1399 1180 1608 1233; x_wconf 77' lang='lat' dir='ltr'><strong><em>probatio..</em></strong></span> 
     </span>
     <span class='ocr_line' id='line_1_16' title="bbox 146 1243 1606 1299; baseline 0.003 -13"><span class='ocrx_word' id='word_1_135' title='bbox 146 1263 245 1287; x_wconf 86' lang='lat' dir='ltr'><strong><em>nem.</em></strong></span> <span class='ocrx_word' id='word_1_136' title='bbox 316 1243 452 1286; x_wconf 75' lang='lat' dir='ltr'><strong><em>Guelf·</em></strong></span> <span class='ocrx_word' id='word_1_137' title='bbox 489 1243 615 1286; x_wconf 84' lang='lat' dir='ltr'><strong><em>Amb.</em></strong></span> <span class='ocrx_word' id='word_1_138' title='bbox 656 1251 697 1287; x_wconf 85' lang='lat'><strong><em>2.</em></strong></span> <span class='ocrx_word' id='word_1_139' title='bbox 736 1245 861 1288; x_wconf 77' lang='lat' dir='ltr'><strong><em>Bel-n,</em></strong></span> <span class='ocrx_word' id='word_1_140' title='bbox 906 1247 1273 1299; x_wconf 77' lang='lat' dir='ltr'><strong><em>interpretationem.</em></strong></span> <span class='ocrx_word' id='word_1_141' title='bbox 1341 1245 1460 1287; x_wconf 88' lang='lat' dir='ltr'><strong><em>Voss.</em></strong></span> <span class='ocrx_word' id='word_1_142' title='bbox 1498 1253 1535 1289; x_wconf 85' lang='lat'><strong><em>1.</em></strong></span> <span class='ocrx_word' id='word_1_143' title='bbox 1565 1253 1606 1290; x_wconf 85' lang='lat'><strong><em>3.</em></strong></span> 
     </span>
     <span class='ocr_line' id='line_1_17' title="bbox 146 1311 1606 1367; baseline 0.003 -14"><span class='ocrx_word' id='word_1_144' title='bbox 146 1317 352 1355; x_wconf 80' lang='lat' dir='ltr'><strong><em>omittunt.</em></strong></span> <span class='ocrx_word' id='word_1_145' title='bbox 452 1312 532 1352; x_wconf 73' lang='lat' dir='ltr'><strong><em>Secl</em></strong></span> <span class='ocrx_word' id='word_1_146' title='bbox 559 1325 825 1367; x_wconf 79' lang='lat' dir='ltr'><em>argumentum</em></span> <span class='ocrx_word' id='word_1_147' title='bbox 845 1341 901 1346; x_wconf 90' lang='lat'>—</span> <span class='ocrx_word' id='word_1_148' title='bbox 922 1313 1048 1355; x_wconf 82' lang='lat' dir='ltr'><strong><em>simile</em></strong></span> <span class='ocrx_word' id='word_1_149' title='bbox 1076 1330 1153 1354; x_wconf 87' lang='lat' dir='ltr'><strong><em>non</em></strong></span> <span class='ocrx_word' id='word_1_150' title='bbox 1181 1323 1280 1354; x_wconf 82' lang='lat' dir='ltr'><strong><em>erat.</em></strong></span> <span class='ocrx_word' id='word_1_151' title='bbox 1332 1312 1400 1354; x_wconf 86' lang='lat' dir='ltr'><strong><em>Sio</em></strong></span> <span class='ocrx_word' id='word_1_152' title='bbox 1421 1311 1541 1355; x_wconf 74' lang='lat' dir='ltr'><strong>Ajnb.</strong></span> <span class='ocrx_word' id='word_1_153' title='bbox 1565 1321 1606 1357; x_wconf 80' lang='lat'><strong><em>1.</em></strong></span> 
     </span>
     <span class='ocr_line' id='line_1_18' title="bbox 146 1383 658 1423; baseline -0.002 0"><span class='ocrx_word' id='word_1_154' title='bbox 146 1386 285 1423; x_wconf 86' lang='lat' dir='ltr'><strong><em>ceteris</em></strong></span> <span class='ocrx_word' id='word_1_155' title='bbox 325 1384 493 1423; x_wconf 83' lang='lat' dir='ltr'><strong><em>omissis.</em></strong></span> <span class='ocrx_word' id='word_1_156' title='bbox 654 1383 658 1384; x_wconf 44' lang='lat'><em>⁷</em></span> 
     </span>
    </p>
   </div>
   <div class='ocr_carea' id='block_1_6' title="bbox 146 1456 1612 1926">
    <p class='ocr_par' dir='ltr' id='par_1_6' title="bbox 146 1456 1612 1926">
     <span class='ocr_line' id='line_1_19' title="bbox 261 1456 1512 1513; baseline 0 -10"><span class='ocrx_word' id='word_1_157' title='bbox 261 1465 298 1513; x_wconf 83' lang='lat'><strong><em>§.</em></strong></span> <span class='ocrx_word' id='word_1_158' title='bbox 331 1467 370 1503; x_wconf 82' lang='lat'><strong><em>9.</em></strong></span> <span class='ocrx_word' id='word_1_159' title='bbox 429 1472 573 1501; x_wconf 80' lang='lat' dir='ltr'><strong><em>actum.</em></strong></span> <span class='ocrx_word' id='word_1_160' title='bbox 632 1460 701 1502; x_wconf 78' lang='lat' dir='ltr'><strong><em>Sic</em></strong></span> <span class='ocrx_word' id='word_1_161' title='bbox 730 1464 851 1501; x_wconf 76' lang='lat' dir='ltr'><strong><em>efiam</em></strong></span> <span class='ocrx_word' id='word_1_162' title='bbox 879 1460 986 1502; x_wconf 86' lang='lat' dir='ltr'><strong><em>Flor.</em></strong></span> <span class='ocrx_word' id='word_1_163' title='bbox 1015 1459 1137 1501; x_wconf 79' lang='lat' dir='ltr'><strong><em>Aan.</em></strong></span> <span class='ocrx_word' id='word_1_164' title='bbox 1161 1467 1201 1502; x_wconf 89' lang='lat'><strong><em>2.</em></strong></span> <span class='ocrx_word' id='word_1_165' title='bbox 1231 1456 1323 1503; x_wconf 82' lang='lat' dir='ltr'><strong>Par.</strong></span> <span class='ocrx_word' id='word_1_166' title='bbox 1347 1466 1385 1502; x_wconf 87' lang='grc'><strong><em>1.</em></strong></span> <span class='ocrx_word' id='word_1_167' title='bbox 1407 1467 1447 1502; x_wconf 95' lang='grc'><strong><em>2.</em></strong></span> <span class='ocrx_word' id='word_1_168' title='bbox 1472 1465 1512 1503; x_wconf 88' lang='grc'><strong>5.</strong></span> 
     </span>
     <span class='ocr_line' id='line_1_20' title="bbox 146 1528 1607 1585; baseline 0 -15"><span class='ocrx_word' id='word_1_169' title='bbox 146 1532 229 1585; x_wconf 81' lang='lat' dir='ltr'><strong><em>ipse</em></strong></span> <span class='ocrx_word' id='word_1_170' title='bbox 256 1547 469 1585; x_wconf 75' lang='lat' dir='ltr'><strong><em>exponens.</em></strong></span> <span class='ocrx_word' id='word_1_171' title='bbox 528 1529 635 1570; x_wconf 87' lang='lat' dir='ltr'><strong><em>Flor.</em></strong></span> <span class='ocrx_word' id='word_1_172' title='bbox 666 1529 756 1570; x_wconf 81' lang='lat' dir='ltr'><strong>Par.</strong></span> <span class='ocrx_word' id='word_1_173' title='bbox 793 1534 830 1570; x_wconf 88' lang='lat'><strong><em>1.</em></strong></span> <span class='ocrx_word' id='word_1_174' title='bbox 862 1535 902 1570; x_wconf 84' lang='lat'><strong><em>2.</em></strong></span> <span class='ocrx_word' id='word_1_175' title='bbox 937 1530 964 1569; x_wconf 82' lang='lat' dir='ltr'><strong><em>i.</em></strong></span> <span class='ocrx_word' id='word_1_176' title='bbox 996 1533 1171 1584; x_wconf 78' lang='lat' dir='ltr'><strong><em>exponit.</em></strong></span> <span class='ocrx_word' id='word_1_177' title='bbox 1287 1528 1458 1582; x_wconf 77' lang='lat' dir='ltr'><strong><em>Argum.</em></strong></span> <span class='ocrx_word' id='word_1_178' title='bbox 1500 1531 1607 1585; x_wconf 82' lang='lat' dir='ltr'><strong><em>inqu.</em></strong></span> 
     </span>
     <span class='ocr_line' id='line_1_21' title="bbox 146 1597 1609 1652; baseline -0.001 -13"><span class='ocrx_word' id='word_1_179' title='bbox 146 1597 252 1639; x_wconf 87' lang='lat' dir='ltr'><strong><em>Flor.</em></strong></span> <span class='ocrx_word' id='word_1_180' title='bbox 282 1597 408 1639; x_wconf 87' lang='lat' dir='ltr'><strong><em>Amb.</em></strong></span> <span class='ocrx_word' id='word_1_181' title='bbox 428 1605 467 1639; x_wconf 88' lang='lat'><strong><em>2.</em></strong></span> <span class='ocrx_word' id='word_1_182' title='bbox 507 1601 608 1638; x_wconf 86' lang='lat' dir='ltr'><strong><em>item</em></strong></span> <span class='ocrx_word' id='word_1_183' title='bbox 639 1599 823 1638; x_wconf 81' lang='lat' dir='ltr'><strong><em>ordinem</em></strong></span> <span class='ocrx_word' id='word_1_184' title='bbox 851 1606 1025 1639; x_wconf 82' lang='lat' dir='ltr'><strong><em>mutant.</em></strong></span> <span class='ocrx_word' id='word_1_185' title='bbox 1140 1600 1199 1637; x_wconf 80' lang='lat' dir='ltr'><strong><em>ita</em></strong></span> <span class='ocrx_word' id='word_1_186' title='bbox 1225 1613 1303 1637; x_wconf 84' lang='lat' dir='ltr'><strong><em>scr.</em></strong></span> <span class='ocrx_word' id='word_1_187' title='bbox 1363 1597 1471 1639; x_wconf 86' lang='lat' dir='ltr'><strong><em>Flor.</em></strong></span> <span class='ocrx_word' id='word_1_188' title='bbox 1501 1613 1524 1638; x_wconf 87' lang='lat' dir='ltr'>a</span> <span class='ocrx_word' id='word_1_189' title='bbox 1550 1614 1609 1652; x_wconf 85' lang='grc' dir='ltr'><strong>Ρι·.</strong></span> 
     </span>
     <span class='ocr_line' id='line_1_22' title="bbox 147 1663 1607 1723; baseline 0 -16"><span class='ocrx_word' id='word_1_190' title='bbox 147 1682 206 1709; x_wconf 89' lang='lat' dir='ltr'><strong><em>m.</em></strong></span> <span class='ocrx_word' id='word_1_191' title='bbox 237 1682 398 1723; x_wconf 80' lang='lat' dir='ltr'><strong><em>quoque</em></strong></span> <span class='ocrx_word' id='word_1_192' title='bbox 428 1666 484 1705; x_wconf 80' lang='lat' dir='ltr'><strong><em>ila</em></strong></span> <span class='ocrx_word' id='word_1_193' title='bbox 512 1683 591 1707; x_wconf 84' lang='lat' dir='ltr'><strong><em>scr.</em></strong></span> <span class='ocrx_word' id='word_1_194' title='bbox 684 1665 1001 1722; x_wconf 51' lang='lat' dir='ltr'><strong><em>noussen-remus.</em></strong></span> <span class='ocrx_word' id='word_1_195' title='bbox 1062 1664 1130 1705; x_wconf 86' lang='lat' dir='ltr'><strong><em>Sic</em></strong></span> <span class='ocrx_word' id='word_1_196' title='bbox 1154 1669 1273 1705; x_wconf 82' lang='lat' dir='ltr'><strong><em>etiam</em></strong></span> <span class='ocrx_word' id='word_1_197' title='bbox 1301 1663 1428 1706; x_wconf 86' lang='lat' dir='ltr'><strong><em>Amb.</em></strong></span> <span class='ocrx_word' id='word_1_198' title='bbox 1449 1671 1489 1707; x_wconf 85' lang='lat'><strong><em>2.</em></strong></span> <span class='ocrx_word' id='word_1_199' title='bbox 1513 1665 1607 1709; x_wconf 85' lang='lat' dir='ltr'><strong>Par.</strong></span> 
     </span>
     <span class='ocr_line' id='line_1_23' title="bbox 149 1732 1612 1789; baseline -0.003 -12"><span class='ocrx_word' id='word_1_200' title='bbox 149 1742 189 1776; x_wconf 86' lang='grc'><strong><em>1.</em></strong></span> <span class='ocrx_word' id='word_1_201' title='bbox 222 1742 262 1777; x_wconf 90' lang='grc'><strong><em>2.</em></strong></span> <span class='ocrx_word' id='word_1_202' title='bbox 322 1746 433 1775; x_wconf 79' lang='lat' dir='ltr'><strong><em>trans</em></strong></span> <span class='ocrx_word' id='word_1_203' title='bbox 458 1751 604 1774; x_wconf 71' lang='lat' dir='ltr'><strong><em>eremus</em></strong></span> <span class='ocrx_word' id='word_1_204' title='bbox 642 1733 750 1774; x_wconf 86' lang='lat' dir='ltr'><strong><em>Flor.</em></strong></span> <span class='ocrx_word' id='word_1_205' title='bbox 878 1734 1002 1775; x_wconf 63' lang='lat' dir='ltr'><strong><em>illinc.</em></strong></span> <span class='ocrx_word' id='word_1_206' title='bbox 1061 1733 1170 1775; x_wconf 84' lang='lat' dir='ltr'><strong><em>Flor.</em></strong></span> <span class='ocrx_word' id='word_1_207' title='bbox 1214 1732 1337 1774; x_wconf 78' lang='lat' dir='ltr'><strong><em>Aan.</em></strong></span> <span class='ocrx_word' id='word_1_208' title='bbox 1366 1739 1408 1774; x_wconf 86' lang='lat'><strong><em>2.</em></strong></span> <span class='ocrx_word' id='word_1_209' title='bbox 1447 1749 1612 1789; x_wconf 70' lang='lat' dir='ltr'><strong><em>quoquo</em></strong></span> 
     </span>
     <span class='ocr_line' id='line_1_24' title="bbox 147 1801 1611 1858; baseline 0 -16"><span class='ocrx_word' id='word_1_210' title='bbox 147 1803 223 1843; x_wconf 81' lang='lat' dir='ltr'><em>illi.</em></span> <span class='ocrx_word' id='word_1_211' title='bbox 343 1803 428 1853; x_wconf 78' lang='grc' dir='ltr'>(ὶιιο</span> <span class='ocrx_word' id='word_1_212' title='bbox 459 1813 636 1857; x_wconf 78' lang='lat' dir='ltr'><strong><em>apparet.</em></strong></span> <span class='ocrx_word' id='word_1_213' title='bbox 694 1802 821 1843; x_wconf 79' lang='lat' dir='ltr'><strong><em>Amb.</em></strong></span> <span class='ocrx_word' id='word_1_214' title='bbox 851 1808 888 1843; x_wconf 85' lang='lat'><strong><em>1.</em></strong></span> <span class='ocrx_word' id='word_1_215' title='bbox 919 1802 1028 1843; x_wconf 88' lang='lat' dir='ltr'><strong><em>Flor.</em></strong></span> <span class='ocrx_word' id='word_1_216' title='bbox 1070 1817 1094 1842; x_wconf 86' lang='lat' dir='ltr'>a</span> <span class='ocrx_word' id='word_1_217' title='bbox 1119 1818 1179 1857; x_wconf 87' lang='lat' dir='ltr'><strong><em>pr.</em></strong></span> <span class='ocrx_word' id='word_1_218' title='bbox 1211 1818 1265 1842; x_wconf 89' lang='lat' dir='ltr'><strong><em>m.</em></strong></span> <span class='ocrx_word' id='word_1_219' title='bbox 1308 1801 1412 1858; x_wconf 79' lang='lat' dir='ltr'><strong><em>quod</em></strong></span> <span class='ocrx_word' id='word_1_220' title='bbox 1442 1818 1611 1858; x_wconf 84' lang='lat' dir='ltr'><strong><em>appare·</em></strong></span> 
     </span>
     <span class='ocr_line' id='line_1_25' title="bbox 150 1870 1026 1926; baseline 0.001 -16"><span class='ocrx_word' id='word_1_221' title='bbox 150 1881 220 1910; x_wconf 84' lang='lat' dir='ltr'><strong><em>ret.</em></strong></span> <span class='ocrx_word' id='word_1_222' title='bbox 279 1870 395 1911; x_wconf 76' lang='lat' dir='ltr'><strong><em>Alm.</em></strong></span> <span class='ocrx_word' id='word_1_223' title='bbox 425 1870 545 1911; x_wconf 89' lang='lat' dir='ltr'><strong><em>Voss.</em></strong></span> <span class='ocrx_word' id='word_1_224' title='bbox 573 1876 610 1912; x_wconf 87' lang='lat'><strong><em>1.</em></strong></span> <span class='ocrx_word' id='word_1_225' title='bbox 639 1876 678 1911; x_wconf 86' lang='lat'><strong><em>3.</em></strong></span> <span class='ocrx_word' id='word_1_226' title='bbox 712 1871 817 1926; x_wconf 72' lang='lat' dir='ltr'><strong><em>quot]</em></strong></span> <span class='ocrx_word' id='word_1_227' title='bbox 847 1881 1026 1925; x_wconf 83' lang='lat' dir='ltr'><strong><em>apparet.</em></strong></span> 
     </span>
    </p>
   </div>
   <div class='ocr_carea' id='block_1_7' title="bbox 149 1959 1614 2422">
    <p class='ocr_par' dir='ltr' id='par_1_7' title="bbox 149 1959 1614 2422">
     <span class='ocr_line' id='line_1_26' title="bbox 269 1959 1613 2014; baseline 0.001 -14"><span class='ocrx_word' id='word_1_228' title='bbox 269 1961 307 2011; x_wconf 83' lang='lat'><strong><em>§.</em></strong></span> <span class='ocrx_word' id='word_1_229' title='bbox 340 1966 405 2000; x_wconf 84' lang='lat'><strong><em>10.</em></strong></span> <span class='ocrx_word' id='word_1_230' title='bbox 464 1960 571 2014; x_wconf 79' lang='lat' dir='ltr'><strong><em>vulg.</em></strong></span> <span class='ocrx_word' id='word_1_231' title='bbox 597 1964 661 2002; x_wconf 79' lang='lat' dir='ltr'><strong><em>sit.</em></strong></span> <span class='ocrx_word' id='word_1_232' title='bbox 720 1960 848 2001; x_wconf 84' lang='lat' dir='ltr'><strong><em>Amb.</em></strong></span> <span class='ocrx_word' id='word_1_233' title='bbox 870 1966 908 2000; x_wconf 85' lang='lat'><strong><em>1.</em></strong></span> <span class='ocrx_word' id='word_1_234' title='bbox 940 1977 973 2001; x_wconf 88' lang='lat' dir='ltr'><strong><em>s.</em></strong></span> <span class='ocrx_word' id='word_1_235' title='bbox 1007 1977 1044 2001; x_wconf 85' lang='grc' dir='ltr'><strong><em>υ.</em></strong></span> <span class='ocrx_word' id='word_1_236' title='bbox 1110 1960 1323 2014; x_wconf 76' lang='lat' dir='ltr'><em>Virgilius.</em></span> <span class='ocrx_word' id='word_1_237' title='bbox 1378 1959 1488 2000; x_wconf 89' lang='lat' dir='ltr'><strong><em>Flor.</em></strong></span> <span class='ocrx_word' id='word_1_238' title='bbox 1509 1974 1532 1999; x_wconf 83' lang='lat' dir='ltr'>a</span> <span class='ocrx_word' id='word_1_239' title='bbox 1551 1975 1613 2014; x_wconf 84' lang='lat' dir='ltr'><strong><em>pr.</em></strong></span> 
     </span>
     <span class='ocr_line' id='line_1_27' title="bbox 149 2026 1613 2081; baseline -0.001 -12"><span class='ocrx_word' id='word_1_240' title='bbox 149 2044 204 2069; x_wconf 87' lang='lat' dir='ltr'><strong><em>m.</em></strong></span> <span class='ocrx_word' id='word_1_241' title='bbox 236 2027 461 2081; x_wconf 74' lang='lat' dir='ltr'><strong><em>Vergilius,</em></strong></span> <span class='ocrx_word' id='word_1_242' title='bbox 510 2044 604 2068; x_wconf 81' lang='lat' dir='ltr'><strong><em>omn</em></strong></span> <span class='ocrx_word' id='word_1_243' title='bbox 640 2027 767 2068; x_wconf 88' lang='lat' dir='ltr'><strong><em>Amb.</em></strong></span> <span class='ocrx_word' id='word_1_244' title='bbox 793 2034 834 2069; x_wconf 90' lang='grc'><strong>2.</strong></span> <span class='ocrx_word' id='word_1_245' title='bbox 868 2027 1023 2069; x_wconf 80' lang='lat' dir='ltr'><strong><em>Cervic.</em></strong></span> <span class='ocrx_word' id='word_1_246' title='bbox 1056 2037 1095 2068; x_wconf 87' lang='lat' dir='ltr'><strong><em>et</em></strong></span> <span class='ocrx_word' id='word_1_247' title='bbox 1125 2030 1215 2069; x_wconf 83' lang='lat' dir='ltr'><strong><em>edd.</em></strong></span> <span class='ocrx_word' id='word_1_248' title='bbox 1248 2038 1339 2068; x_wconf 79' lang='lat' dir='ltr'><strong><em>ante</em></strong></span> <span class='ocrx_word' id='word_1_249' title='bbox 1370 2027 1501 2068; x_wconf 84' lang='lat' dir='ltr'><strong><em>Stoer.</em></strong></span> <span class='ocrx_word' id='word_1_250' title='bbox 1553 2026 1613 2068; x_wconf 80' lang='lat' dir='ltr'><strong><em>At</em></strong></span> 
     </span>
     <span class='ocr_line' id='line_1_28' title="bbox 152 2093 1610 2149; baseline -0.001 -11"><span class='ocrx_word' id='word_1_251' title='bbox 152 2095 287 2138; x_wconf 79' lang='lat' dir='ltr'><strong><em>Guelf.</em></strong></span> <span class='ocrx_word' id='word_1_252' title='bbox 335 2095 455 2136; x_wconf 85' lang='lat' dir='ltr'><strong><em>Voss.</em></strong></span> <span class='ocrx_word' id='word_1_253' title='bbox 494 2100 531 2136; x_wconf 89' lang='lat'><strong><em>1.</em></strong></span> <span class='ocrx_word' id='word_1_254' title='bbox 569 2101 609 2137; x_wconf 85' lang='lat'><strong><em>3.</em></strong></span> <span class='ocrx_word' id='word_1_255' title='bbox 656 2095 838 2149; x_wconf 76' lang='lat' dir='ltr'><strong><em>Virgilii.</em></strong></span> <span class='ocrx_word' id='word_1_256' title='bbox 906 2093 1029 2136; x_wconf 84' lang='lat' dir='ltr'><strong><em>Goth.</em></strong></span> <span class='ocrx_word' id='word_1_257' title='bbox 1076 2094 1122 2133; x_wconf 89' lang='lat' dir='ltr'><em>V</em></span> <span class='ocrx_word' id='word_1_258' title='bbox 1120 2095 1231 2149; x_wconf 78' lang='lat' dir='ltr'><em>irgil.</em></span> <span class='ocrx_word' id='word_1_259' title='bbox 1356 2098 1610 2136; x_wconf 80' lang='lat' dir='ltr'><strong><em>numerosius.</em></strong></span> 
     </span>
     <span class='ocr_line' id='line_1_29' title="bbox 152 2162 1613 2217; baseline 0.001 -14"><span class='ocrx_word' id='word_1_260' title='bbox 152 2162 288 2206; x_wconf 86' lang='lat' dir='ltr'><strong><em>Guelf.</em></strong></span> <span class='ocrx_word' id='word_1_261' title='bbox 321 2180 476 2203; x_wconf 85' lang='lat' dir='ltr'><strong><em>numero</em></strong></span> <span class='ocrx_word' id='word_1_262' title='bbox 506 2166 601 2204; x_wconf 78' lang='lat' dir='ltr'><strong><em>suis.</em></strong></span> <span class='ocrx_word' id='word_1_263' title='bbox 660 2162 781 2203; x_wconf 88' lang='lat' dir='ltr'><strong><em>Voss.</em></strong></span> <span class='ocrx_word' id='word_1_264' title='bbox 809 2168 845 2203; x_wconf 82' lang='lat'><strong><em>1.</em></strong></span> <span class='ocrx_word' id='word_1_265' title='bbox 878 2168 917 2204; x_wconf 84' lang='lat'><strong><em>3.</em></strong></span> <span class='ocrx_word' id='word_1_266' title='bbox 949 2165 1243 2204; x_wconf 76' lang='lat' dir='ltr'><strong><em>innumerosius.</em></strong></span> <span class='ocrx_word' id='word_1_267' title='bbox 1359 2175 1613 2217; x_wconf 76' lang='lat' dir='ltr'><strong><em>argumento·-</em></strong></span> 
     </span>
     <span class='ocr_line' id='line_1_30' title="bbox 150 2230 1610 2286; baseline 0.001 -14"><span class='ocrx_word' id='word_1_268' title='bbox 150 2249 250 2274; x_wconf 82' lang='lat' dir='ltr'><strong><em>sum.</em></strong></span> <span class='ocrx_word' id='word_1_269' title='bbox 309 2231 447 2272; x_wconf 83' lang='lat' dir='ltr'><strong><em>Etiam</em></strong></span> <span class='ocrx_word' id='word_1_270' title='bbox 475 2230 601 2271; x_wconf 79' lang='lat' dir='ltr'><strong><em>Aan.</em></strong></span> <span class='ocrx_word' id='word_1_271' title='bbox 632 2236 669 2272; x_wconf 89' lang='lat'><strong><em>1.</em></strong></span> <span class='ocrx_word' id='word_1_272' title='bbox 704 2246 727 2271; x_wconf 86' lang='lat' dir='ltr'><strong>a</strong></span> <span class='ocrx_word' id='word_1_273' title='bbox 759 2247 838 2272; x_wconf 85' lang='lat' dir='ltr'><strong><em>sec.</em></strong></span> <span class='ocrx_word' id='word_1_274' title='bbox 877 2247 932 2272; x_wconf 89' lang='lat' dir='ltr'><strong><em>m.</em></strong></span> <span class='ocrx_word' id='word_1_275' title='bbox 966 2242 1248 2285; x_wconf 77' lang='lat' dir='ltr'><strong><em>argumentum.</em></strong></span> <span class='ocrx_word' id='word_1_276' title='bbox 1364 2230 1467 2286; x_wconf 78' lang='lat' dir='ltr'><strong><em>quod</em></strong></span> <span class='ocrx_word' id='word_1_277' title='bbox 1494 2231 1610 2286; x_wconf 75' lang='lat' dir='ltr'><strong><em>prob.</em></strong></span> 
     </span>
     <span class='ocr_line' id='line_1_31' title="bbox 149 2298 1613 2355; baseline -0.001 -14"><span class='ocrx_word' id='word_1_278' title='bbox 149 2300 276 2342; x_wconf 85' lang='lat' dir='ltr'><strong><em>Amb.</em></strong></span> <span class='ocrx_word' id='word_1_279' title='bbox 305 2306 343 2341; x_wconf 85' lang='lat'><strong><em>1.</em></strong></span> <span class='ocrx_word' id='word_1_280' title='bbox 375 2304 494 2340; x_wconf 86' lang='lat' dir='ltr'><strong><em>inser.</em></strong></span> <span class='ocrx_word' id='word_1_281' title='bbox 528 2298 592 2339; x_wconf 76' lang='lat' dir='ltr'><strong><em>ad.</em></strong></span> <span class='ocrx_word' id='word_1_282' title='bbox 718 2299 919 2340; x_wconf 79' lang='lat' dir='ltr'><strong><em>indicium.</em></strong></span> <span class='ocrx_word' id='word_1_283' title='bbox 979 2299 1087 2340; x_wconf 86' lang='lat' dir='ltr'><strong><em>Flor.</em></strong></span> <span class='ocrx_word' id='word_1_284' title='bbox 1120 2315 1143 2338; x_wconf 87' lang='lat' dir='ltr'>a</span> <span class='ocrx_word' id='word_1_285' title='bbox 1167 2315 1226 2353; x_wconf 86' lang='lat' dir='ltr'><strong><em>pr.</em></strong></span> <span class='ocrx_word' id='word_1_286' title='bbox 1258 2315 1314 2340; x_wconf 91' lang='lat' dir='ltr'><strong><em>m.</em></strong></span> <span class='ocrx_word' id='word_1_287' title='bbox 1348 2315 1509 2355; x_wconf 86' lang='lat' dir='ltr'><strong><em>quoque</em></strong></span> <span class='ocrx_word' id='word_1_288' title='bbox 1541 2317 1613 2340; x_wconf 88' lang='lat' dir='ltr'><strong><em>ra-</em></strong></span> 
     </span>
     <span class='ocr_line' id='line_1_32' title="bbox 151 2366 1614 2422; baseline -0.001 -13"><span class='ocrx_word' id='word_1_289' title='bbox 151 2368 296 2409; x_wconf 73' lang='lat' dir='ltr'><strong><em>dicium</em></strong></span> <span class='ocrx_word' id='word_1_290' title='bbox 371 2367 495 2409; x_wconf 86' lang='lat' dir='ltr'><strong><em>Goth.</em></strong></span> <span class='ocrx_word' id='word_1_291' title='bbox 521 2367 726 2422; x_wconf 74' lang='lat' dir='ltr'><strong><em>judicium.</em></strong></span> <span class='ocrx_word' id='word_1_292' title='bbox 843 2367 1021 2422; x_wconf 74' lang='lat' dir='ltr'><strong><em>ejusdem.</em></strong></span> <span class='ocrx_word' id='word_1_293' title='bbox 1080 2366 1219 2408; x_wconf 81' lang='lat' dir='ltr'><strong><em>Turio.</em></strong></span> <span class='ocrx_word' id='word_1_294' title='bbox 1251 2370 1345 2421; x_wconf 68' lang='lat' dir='ltr'><strong><em>ejuS.</em></strong></span> <span class='ocrx_word' id='word_1_295' title='bbox 1454 2370 1614 2408; x_wconf 82' lang='lat' dir='ltr'><strong><em>nomina</em></strong></span> 
     </span>
    </p>
   </div>
   <div class='ocr_carea' id='block_1_8' title="bbox 139 2435 733 2496">
    <p class='ocr_par' dir='ltr' id='par_1_8' title="bbox 139 2435 733 2496">
     <span class='ocr_line' id='line_1_33' title="bbox 139 2435 733 2496; baseline -0.003 -19"><span class='ocrx_word' id='word_1_296' title='bbox 139 2437 239 2496; x_wconf 83' lang='lat' dir='ltr'><strong><em>fac.</em></strong></span> <span class='ocrx_word' id='word_1_297' title='bbox 302 2437 404 2479; x_wconf 84' lang='lat' dir='ltr'><strong>Obr.</strong></span> <span class='ocrx_word' id='word_1_298' title='bbox 435 2440 554 2477; x_wconf 80' lang='lat' dir='ltr'><strong><em>inser.</em></strong></span> <span class='ocrx_word' id='word_1_299' title='bbox 588 2435 733 2476; x_wconf 82' lang='lat' dir='ltr'><strong><em>Celsus.</em></strong></span> 
     </span>
    </p>
   </div>
   <div class='ocr_carea' id='block_1_9' title="bbox 24 2524 1614 2655">
    <p class='ocr_par' dir='ltr' id='par_1_9' title="bbox 24 2524 1614 2655">
     <span class='ocr_line' id='line_1_34' title="bbox 268 2524 1614 2585; baseline -0.001 -17"><span class='ocrx_word' id='word_1_300' title='bbox 268 2528 305 2579; x_wconf 89' lang='lat'><strong><em>§.</em></strong></span> <span class='ocrx_word' id='word_1_301' title='bbox 341 2531 406 2568; x_wconf 82' lang='lat'><strong><em>11.</em></strong></span> <span class='ocrx_word' id='word_1_302' title='bbox 468 2527 651 2585; x_wconf 76' lang='lat' dir='ltr'><strong><em>ffcitur.</em></strong></span> <span class='ocrx_word' id='word_1_303' title='bbox 710 2524 835 2566; x_wconf 77' lang='lat' dir='ltr'><strong><em>Amb.</em></strong></span> <span class='ocrx_word' id='word_1_304' title='bbox 862 2530 900 2566; x_wconf 87' lang='lat'><strong><em>1.</em></strong></span> <span class='ocrx_word' id='word_1_305' title='bbox 921 2532 958 2566; x_wconf 89' lang='grc'><strong><em>2.</em></strong></span> <span class='ocrx_word' id='word_1_306' title='bbox 989 2525 1096 2566; x_wconf 87' lang='lat' dir='ltr'><strong><em>Flor.</em></strong></span> <span class='ocrx_word' id='word_1_307' title='bbox 1121 2541 1279 2580; x_wconf 88' lang='lat' dir='ltr'><strong><em>quoque</em></strong></span> <span class='ocrx_word' id='word_1_308' title='bbox 1301 2526 1427 2584; x_wconf 84' lang='lat' dir='ltr'><em>effici,</em></span> <span class='ocrx_word' id='word_1_309' title='bbox 1459 2535 1498 2566; x_wconf 75' lang='lat' dir='ltr'><strong><em>et</em></strong></span> <span class='ocrx_word' id='word_1_310' title='bbox 1514 2536 1614 2567; x_wconf 66' lang='lat' dir='ltr'><strong><em>mox</em></strong></span> 
     </span>
     <span class='ocr_line' id='line_1_35' title="bbox 24 2593 1612 2655; baseline -0.001 -20"><span class='ocrx_word' id='word_1_311' title='bbox 24 2622 30 2655; x_wconf 65' lang='lat'><strong><em>1‘</em></strong></span> <span class='ocrx_word' id='word_1_312' title='bbox 153 2610 226 2649; x_wconf 83' lang='lat' dir='ltr'><strong><em>pro</em></strong></span> <span class='ocrx_word' id='word_1_313' title='bbox 256 2606 345 2635; x_wconf 83' lang='lat' dir='ltr'><strong><em>sunt</em></strong></span> <span class='ocrx_word' id='word_1_314' title='bbox 373 2597 497 2636; x_wconf 84' lang='lat' dir='ltr'><strong><em>etiam</em></strong></span> <span class='ocrx_word' id='word_1_315' title='bbox 527 2593 649 2636; x_wconf 86' lang='lat' dir='ltr'><strong><em>Amb.</em></strong></span> <span class='ocrx_word' id='word_1_316' title='bbox 685 2600 722 2635; x_wconf 85' lang='grc'><strong><em>1.</em></strong></span> <span class='ocrx_word' id='word_1_317' title='bbox 765 2604 804 2634; x_wconf 87' lang='lat' dir='ltr'><strong><em>et</em></strong></span> <span class='ocrx_word' id='word_1_318' title='bbox 833 2593 941 2634; x_wconf 85' lang='lat' dir='ltr'><strong><em>Flor.</em></strong></span> <span class='ocrx_word' id='word_1_319' title='bbox 973 2609 996 2633; x_wconf 86' lang='lat' dir='ltr'>a</span> <span class='ocrx_word' id='word_1_320' title='bbox 1031 2609 1090 2647; x_wconf 85' lang='lat' dir='ltr'><strong><em>pr.</em></strong></span> <span class='ocrx_word' id='word_1_321' title='bbox 1121 2609 1176 2632; x_wconf 88' lang='lat' dir='ltr'><strong><em>m.</em></strong></span> <span class='ocrx_word' id='word_1_322' title='bbox 1210 2596 1300 2633; x_wconf 81' lang='lat' dir='ltr'><strong><em>sint.</em></strong></span> <span class='ocrx_word' id='word_1_323' title='bbox 1415 2597 1612 2650; x_wconf 83' lang='lat' dir='ltr'><strong><em>separavi.</em></strong></span> 
     </span>
    </p>
   </div>
   <div class='ocr_carea' id='block_1_10' title="bbox 23 2658 1612 2720">
    <p class='ocr_par' dir='ltr' id='par_1_10' title="bbox 23 2658 1612 2720">
     <span class='ocr_line' id='line_1_36' title="bbox 23 2658 1612 2720; baseline -0.001 -17"><span class='ocrx_word' id='word_1_324' title='bbox 23 2658 31 2706; x_wconf 65' lang='lat'><strong><em>{⁴</em></strong></span> <span class='ocrx_word' id='word_1_325' title='bbox 153 2661 292 2705; x_wconf 79' lang='lat' dir='ltr'><strong><em>Turio.</em></strong></span> <span class='ocrx_word' id='word_1_326' title='bbox 317 2679 340 2704; x_wconf 84' lang='lat' dir='ltr'>a</span> <span class='ocrx_word' id='word_1_327' title='bbox 362 2679 420 2719; x_wconf 85' lang='lat' dir='ltr'><strong><em>pr.</em></strong></span> <span class='ocrx_word' id='word_1_328' title='bbox 445 2679 499 2705; x_wconf 75' lang='lat' dir='ltr'><strong><em>m,</em></strong></span> <span class='ocrx_word' id='word_1_329' title='bbox 521 2666 732 2720; x_wconf 80' lang='lat' dir='ltr'><strong><em>superavit.</em></strong></span> <span class='ocrx_word' id='word_1_330' title='bbox 790 2662 898 2704; x_wconf 85' lang='lat' dir='ltr'><strong><em>Flor.</em></strong></span> <span class='ocrx_word' id='word_1_331' title='bbox 919 2660 1034 2705; x_wconf 82' lang='lat' dir='ltr'><strong><em>Alm.</em></strong></span> <span class='ocrx_word' id='word_1_332' title='bbox 1053 2660 1193 2717; x_wconf 83' lang='lat' dir='ltr'><strong><em>Camp.</em></strong></span> <span class='ocrx_word' id='word_1_333' title='bbox 1213 2664 1426 2718; x_wconf 78' lang='lat' dir='ltr'><strong><em>separavit.</em></strong></span> <span class='ocrx_word' id='word_1_334' title='bbox 1475 2660 1612 2705; x_wconf 84' lang='lat' dir='ltr'><strong><em>Guelf.</em></strong></span> 
     </span>
    </p>
   </div>
  </div>
 </body>
</html>
