1721 2974
103 148 158 191 ad
178 147 347 204 Quintil.
369 146 501 189 Instit.
527 144 652 197 VIII,
677 151 717 189 5.
740 148 1004 201 §.19—33.
1055 149 1096 187 6.
1126 149 1162 199 §.
1187 151 1364 190 2—36.
1433 152 1516 192 385

161 266 200 314 §.
232 266 300 302 19.
358 260 428 300 sub
467 257 615 300 oculos.
675 258 800 301 Amb.
837 264 876 300 1.
917 258 987 299 sub
1029 256 1171 300 oculis.
1234 256 1348 300 Idem
1382 265 1515 303 omnia

47 330 145 371 haec
175 339 338 379 contra,
385 326 560 368 liberior.

161 399 197 451 §.
230 401 299 437 21.
358 405 394 433 et
425 411 536 446 cum,
584 395 642 434 sic
670 396 794 435 etiam
822 392 944 436 Amb.
965 399 1004 437 1.
1056 392 1174 436 Idem
1201 410 1275 450 pro
1305 411 1362 436 ex
1390 397 1512 440 verbo

47 469 117 507 int.
148 465 271 505 habet
299 478 355 502 ex
382 461 515 500 verbis
543 461 724 516 intelligi.

161 535 198 587 §.
227 536 295 573 23.
355 532 530 570 inventa.
587 526 712 570 Amb.
751 534 789 570 1.
832 530 1010 571 inventas
1047 546 1108 571 res
1145 554 1203 564 --
1242 541 1280 570 et
1315 531 1512 586 subjectas

49 618 123 643 res.
183 598 298 640 Idem
324 599 527 652 praeclare
555 612 596 650 p.
628 607 733 637 retro
763 596 832 637 dat
860 608 1087 640 retrorsum.

163 669 201 719 §.
234 667 302 708 24.
361 663 488 703 dictus
520 675 668 718 tropus.
713 662 978 705 Ambrosiani
999 671 1039 707 1.
1068 668 1262 721 scriptura
1282 665 1513 723 Spaldingii

48 736 314 781 dubitationes
333 735 469 782 tollet,
510 732 634 772 habet
654 733 765 771 enim
783 733 937 787 liquido
957 733 1024 774 hic
1043 743 1199 790 tropus,
1239 736 1351 777 unde
1370 735 1510 778 Tufic.

46 802 156 843 Flor.
189 803 372 841 fecerunt
401 799 595 854 ditropus.

160 871 197 922 §.
228 874 297 910 25.
360 867 574 920 Ucalegon.
623 865 750 907 Amb.
781 872 818 908 1.
858 867 1048 922 Ucalego.

162 938 201 988 §.
231 940 299 978 26.
360 934 429 977 Sic
456 932 582 975 Amb.
608 939 646 975 1.
681 951 769 974 cum
797 934 846 974 ab
875 935 1077 976 Annibale
1106 953 1222 977 caesa
1243 949 1279 977 et
1300 939 1408 994 apud
1424 951 1512 981 tra-

42 1007 156 1059 gicos
188 1002 365 1057 aegialeo
405 1002 512 1058 apud
541 1018 690 1042 cannas
719 1005 937 1056 sexaginta
972 1003 1086 1044 milia
1116 1004 1297 1046 dicimus.
1416 1024 1513 1048 car-

45 1074 154 1112 mina
186 1069 421 1124 Virgilium.
468 1069 595 1111 Amb.
633 1075 670 1110 1.
697 1071 807 1125 quod
832 1086 994 1112 necesse
1024 1080 1107 1114 est:
1136 1072 1329 1113 'carmina
1358 1073 1405 1113 V
1403 1078 1512 1129 ergi-

46 1139 106 1192 lii,
149 1137 387 1192 Vergilium.

160 1207 198 1260 §.
230 1211 299 1248 28.
356 1204 548 1261 pusillum
586 1223 613 1246 α
651 1221 757 1248 vero.
813 1205 942 1248 Aan.
977 1211 1016 1247 1.
1052 1223 1143 1262 pus.
1184 1208 1236 1248 ab
1274 1225 1336 1250 ea.
1391 1207 1512 1251 Idem

47 1286 268 1326 amatura,
308 1289 401 1314 cum
429 1273 556 1314 Paris.
582 1267 622 1315 1.
651 1280 692 1316 2.

160 1343 198 1395 §.
230 1347 299 1383 29.
356 1342 482 1396 poetis
521 1358 682 1398 quoque.
740 1340 870 1383 Amb.
904 1346 943 1382 1.
989 1339 1084 1383 Par.
1128 1347 1168 1384 1.
1205 1354 1310 1397 poet.
1351 1355 1514 1401 utroq-ue

47 1410 177 1452 modo.
294 1412 399 1465 quia.
449 1407 572 1450 Amb.
599 1415 638 1450 1.
670 1409 790 1466 quod.
906 1412 1070 1464 quaein
1099 1426 1338 1467 quocunque.
1382 1410 1510 1456 Amb.

50 1484 89 1519 1.
118 1479 278 1520 videtur
307 1494 457 1532 quoque
483 1477 647 1518 habere.

164 1548 201 1599 §.
236 1551 303 1587 30.
359 1547 539 1601 posuisse
567 1561 645 1585 non
672 1543 763 1585 dub.
817 1542 947 1587 Amb.
971 1537 1015 1587 1.
1039 1547 1218 1601 posuisse
1241 1564 1320 1590 non
1347 1546 1512 1601 dubitet,

45 1615 118 1657 sed
146 1623 249 1655 extr.
282 1623 318 1652 et
347 1628 370 1652 a
396 1622 630 1653 correctore.

159 1684 196 1736 §.
228 1686 297 1722 32.
356 1677 636 1734 παραγόμενοι.
713 1678 852 1720 Etiam
893 1677 1019 1721 Amb.
1049 1685 1089 1722 1.
1131 1696 1404 1735 πεποικμενα,
1462 1692 1511 1726 ut

47 1752 215 1791 omnino
247 1762 390 1789 verum
417 1749 601 1790 videatur
627 1746 890 1802 πεποιημένα.
1015 1765 1142 1790 usum.
1191 1749 1320 1791 Amb.
1354 1756 1393 1791 1.
1423 1767 1509 1801 usu,

47 1820 139 1858 fort.
169 1817 391 1858 omittenda
418 1819 675 1870 praepositiO.
789 1827 878 1860 sunt
913 1815 1059 1858 Sullat.
1123 1815 1249 1859 Amb.
1280 1822 1320 1859 1.
1349 1828 1440 1858 sunt
1467 1828 1512 1858 ut

49 1884 154 1927 Sull.
269 1883 398 1924 lauro.
447 1882 576 1924 Aan.
606 1889 646 1925 1.
683 1882 812 1924 lauru.

164 1955 201 2006 §.
234 1956 302 1992 33.
361 1950 507 1991 evaluit
545 1950 671 1993 Amb.
706 1956 744 1991 1.
814 1950 991 2008 Reliqua
1029 1967 1150 2006 supra
1190 1966 1316 2007 quam
1350 1953 1513 1994 videtur

4 2071 6 2074 y
49 2024 137 2063 fieri
172 2035 286 2075 posse
326 2028 512 2073 corrupta
549 2017 677 2059 Amb.
709 2024 748 2059 1.
787 2022 891 2059 sicut
928 2019 1063 2060 Turio.
1091 2022 1170 2060 nisi
1202 2021 1312 2075 quod
1340 2020 1511 2062 obidius.

6 2079 9 2099 ³
49 2089 174 2131 Amb.
207 2094 248 2130 2.
278 2090 323 2127 in
352 2087 429 2127 hac
452 2096 564 2140 parte
595 2090 806 2127 lacunosus
845 2087 895 2141 (a
923 2103 1015 2142 pag.
1043 2087 1186 2128 Burm.
1217 2089 1300 2128 734
1338 2103 1426 2143 usq.
1459 2089 1511 2128 ad

49 2156 187 2210 751),
228 2159 366 2211 itaque
382 2154 584 2195 Parisinos
603 2157 724 2194 libros
746 2161 786 2197 3.
810 2155 850 2194 4.
879 2158 919 2196 5.
947 2160 985 2196 6.
1018 2171 1103 2196 non
1135 2165 1327 2209 expecto,
1367 2157 1438 2196 sed
1455 2171 1510 2196 ne

51 2226 102 2266 de
137 2228 269 2279 primo
305 2223 471 2279 quidem
511 2238 556 2263 ac
589 2223 766 2264 secundo
797 2223 1021 2278 quidquam
1046 2223 1276 2266 Pottierius.
1332 2222 1407 2264 Est
1437 2226 1511 2265 illa

2 2293 10 2342 s
50 2295 230 2348 profecto
253 2307 378 2333 coena
400 2291 534 2330 dubia.

167 2365 203 2415 §.
234 2361 302 2402 34.
362 2369 399 2398 et
441 2361 529 2412 jam
571 2357 643 2399 leo.
701 2358 821 2400 Nihil
870 2361 918 2399 ab
956 2359 1034 2400 hae
1072 2363 1266 2414 scriptura
1307 2359 1511 2400 diversum

2 2441 12 2478 τ
52 2427 179 2470 Amb.
213 2433 252 2469 1.

169 2498 207 2550 ξ.
239 2500 308 2537 36.
365 2495 463 2536 haec
482 2493 636 2550 quidem
655 2493 912 2535 dissonantia.
970 2493 1179 2535 Praeclare
1196 2492 1322 2534 Amb.
1350 2499 1389 2534 1.
1421 2508 1511 2533 ma-

10 2577 13 2618 !
55 2578 156 2605 num
182 2566 381 2618 scriptorIS
400 2565 596 2604 restituit:
638 2580 708 2617 ego
730 2562 880 2618 quidem
905 2561 1090 2602 dissentio
1111 2579 1276 2617 namque
1294 2565 1334 2602 in
1352 2562 1414 2602 his
1432 2571 1508 2602 cet.

137 2642 251 2687 putat
268 2634 394 2688 quisq.
444 2631 572 2674 Aan.
598 2637 638 2675 1.
668 2633 868 2688 quisquam
884 2641 1000 2686 putat
1020 2640 1068 2670 ct.

102 2711 201 2748 Tom.
229 2711 272 2748 V·
973 2696 1008 2738 B
1026 2700 1051 2737 b
