1721 2974
131 182 182 215 38
572 175 845 231 supplementa
874 176 1134 214 annotationis

131 288 230 328 Ald.
302 286 421 342 [Vix
462 290 647 343 equidem
689 290 797 328 hunc
834 291 968 327 locum
1018 288 1222 339 intelligo,
1267 288 1345 325 nisi
1381 289 1416 327 sl
1454 290 1576 327 verba
1693 296 1697 316 ⁸

133 355 323 410 quidquid
369 372 499 395 corum
550 356 665 396 alteri
714 355 890 396 succedet
926 369 1018 394 cum
1057 357 1290 407 praegressis
1324 357 1575 409 conjungam,
1690 346 1696 361 ’

133 438 359 477 novamque
395 427 634 464 sententiam
683 440 705 464 a
744 425 870 463 verbis
908 420 1024 460 Huic
1054 424 1164 475 parti
1198 422 1454 475 subjungatur
1490 421 1580 462 licet

135 491 438 544 (soloecismus,
477 495 547 546 qui
576 491 646 545 fit)
675 508 745 546 ρει·
776 491 1085 543 comparationes
1112 489 1350 542 incipiam]
1699 527 1701 534 ,

247 562 282 609 ξ.
314 559 380 597 46.
442 558 685 598 diminutmn.
745 557 981 595 deminutum
1019 552 1158 596 Turio.
1197 556 1304 597 Flor.
1336 555 1458 598 Amb.
1483 562 1519 597 1.
1539 563 1580 598 2.
1695 553 1702 613 Δ.

133 627 321 663 minutum
354 624 492 679 Camp.
611 626 742 664 decrat
773 625 862 664 edd.
895 625 988 663 inde
1019 639 1043 663 a
1071 622 1179 665 Jens.
1211 639 1338 679 usque
1363 626 1415 665 ad
1435 624 1581 675 Stoer.,
1697 615 1699 618 Α

134 706 214 731 acc.
247 690 386 734 Turio.
421 691 543 734 Goth.
580 692 738 739 Guelf.,
778 694 869 730 fort.
902 694 983 731 alii.
1502 733 1515 742 .

250 761 285 810 §.
325 762 392 800 47.
458 771 656 814 peccatur.
729 756 947 796 Pronomen
985 773 1148 811 quoquc.
1196 756 1318 797 Amb.
1357 765 1396 799 2.
1475 774 1583 813 pecc.

138 824 230 865 Ideo
273 844 360 865 num
398 844 547 882 quoque
588 823 674 879 (ita
706 826 788 863 fere
827 822 976 876 Bern.;
1027 833 1116 878 post
1154 824 1242 864 ideo
1283 840 1362 864 sec.
1402 841 1457 866 m.
1491 826 1588 865 add.

132 910 343 947 pronomen
356 895 384 947 ).

248 965 283 1013 §.
315 963 382 1002 48.
444 977 522 999 esse
553 959 688 999 credat
715 960 804 999 edd.
837 969 928 1000 ante
959 958 1070 1000 Sich.
1189 975 1239 999 ac
1266 958 1417 998 similia
1443 956 1584 999 Turic-
1639 972 1644 974 '

134 1026 242 1067 I'lor.
277 1025 410 1068 Guelf.
443 1026 560 1068 Voss.
590 1032 626 1068 1.
650 1033 689 1067 3.
729 1030 868 1080 Camp.

251 1099 284 1147 ξ.
317 1099 382 1135 50.
444 1099 513 1149 qui
551 1106 644 1134 iam.
702 1112 776 1149 pro
823 1094 892 1134 illo
929 1112 973 1134 ne
1001 1095 1090 1151 j'eC.
1121 1095 1253 1146 (licat,
1296 1111 1335 1135 n.
1364 1085 1472 1134 Fldr.

139 1165 273 1209 unius,
326 1178 348 1201 a
389 1161 528 1215 Spald.
573 1163 863 1214 desideratum,
913 1163 1036 1203 habet
1066 1161 1221 1216 Gryph.
1251 1171 1290 1201 et
1319 1161 1442 1201 Paris.
1473 1167 1513 1203 2.
1546 1162 1586 1201 4.

222 1239 257 1266 ct
296 1232 400 1268 intus
437 1245 514 1269 om.
557 1228 696 1270 Turio.
733 1229 840 1270 Flor.
883 1245 902 1269 a
943 1246 1002 1283 pr.
1043 1246 1097 1269 m.
1139 1229 1255 1269 Bodl.
1297 1227 1444 1269 Baliol.
1475 1227 1585 1269 Alm.

141 1295 280 1349 Camp.
339 1295 390 1335 ln
428 1295 567 1337 Turio.
614 1300 665 1337 al.
707 1314 759 1336 m.
794 1313 892 1337 corr.
925 1297 1177 1349 adverbium·
1224 1301 1281 1337 ita
1312 1295 1450 1349 Gamp.
1483 1300 1589 1336 intro

139 1373 175 1400 ct
205 1362 287 1402 loci
316 1364 540 1403 adverbium
568 1364 694 1404 Amb.
716 1371 755 1405 2.
785 1366 868 1419 (ita
895 1367 976 1404 fere
997 1364 1211 1404 Beruensis
1225 1363 1253 1418 ).
1317 1364 1474 1418 [Notae
1494 1380 1589 1404 suae

140 1431 189 1469 de
220 1448 270 1470 an
302 1441 340 1471 et
370 1442 438 1470 aut
469 1430 677 1486 Spalding.
710 1433 937 1486 adscripsit:
973 1435 1022 1472 cf.
1056 1431 1319 1485 Oudendorp.
1352 1433 1403 1471 ad
1421 1431 1588 1472 Sueten.

138 1496 292 1539 Domit.
337 1515 370 1539 c.
406 1499 503 1550 17.]

249 1570 284 1619 ξ.
316 1572 383 1607 51.
443 1566 626 1606 accident
664 1564 804 1607 Turio.
845 1566 952 1607 Flor.
993 1567 1118 1607 Paris.
1151 1573 1188 1607 1.
1237 1566 1376 1620 Camp.
1420 1576 1460 1606 et
1499 1566 1588 1607 edd.

137 1642 302 1686 posterr.
343 1643 435 1674 ante
475 1633 605 1674 Stoer.
723 1634 796 1673 Est
834 1638 966 1675 etiam,
1003 1633 1066 1674 Ita
1107 1635 1205 1674 dant
1241 1632 1380 1674 Turie.
1413 1649 1590 1689 quoque,

140 1698 246 1740 Flor.
281 1700 420 1754 Camp.
451 1700 576 1742 Paris.
600 1707 636 1741 1.
660 1708 699 1742 2.

251 1772 286 1821 §.
319 1773 386 1810 52.
446 1779 486 1808 ut
528 1768 614 1808 lach·
652 1767 791 1810 Turio.
831 1769 938 1810 Flor.
989 1772 1038 1810 cf.
1071 1769 1209 1822 Spald.
1240 1778 1324 1809 not.
1359 1772 1444 1808 crit.
1477 1769 1529 1807 ad
1554 1766 1590 1818 I,

140 1835 189 1884 4,
223 1839 260 1876 9.
384 1836 625 1890 megala-mia
661 1835 800 1878 Turio.
844 1838 948 1877 Flor.
998 1838 1115 1877 Voss.
1154 1842 1190 1876 1.
1223 1841 1261 1876 3.
1303 1835 1426 1876 Bern.
1468 1834 1590 1876 Goth.

139 1900 264 1943 PariS.
295 1909 331 1943 1.
356 1909 395 1944 2.
432 1903 571 1957 Camp.
1211 1934 1213 1937 ·

254 1974 290 2022 §.
323 1975 389 2011 53.
450 1971 545 2026 aliq.
577 1971 668 2012 hab.
705 1970 844 2025 Camp.
961 1972 1041 2012 Secl
1070 1974 1134 2012 hio
1154 1988 1304 2026 qnoque
1321 1968 1461 2010 Turio.
1483 1969 1590 2010 Flor.

140 2034 266 2078 Amb.
297 2044 337 2080 2.
381 2037 514 2080 Guelf'.
558 2037 679 2080 Goth.
718 2038 832 2078 Alm.
863 2038 981 2078 Voss.
1011 2045 1050 2079 2.
1093 2037 1214 2078 Bern.
1250 2037 1389 2090 Camp.
1423 2047 1462 2078 et
1491 2040 1593 2077 aliae

145 2105 234 2145 edd.
269 2116 361 2147 ante
389 2104 492 2147 Bad.

258 2174 294 2225 ξ.
328 2175 395 2215 54.
455 2177 677 2213 inornatam
708 2172 872 2227 Camp.‚
914 2184 958 2213 ut
987 2173 1105 2214 Bodl.

258 2244 293 2293 §.
325 2245 392 2282 55.
452 2251 494 2280 ut
531 2241 701 2281 homines
740 2245 869 2282 omitt.
910 2239 1050 2282 Turio.
1092 2241 1199 2281 Flor.
1243 2255 1267 2280 a
1293 2256 1353 2294 pr.
1385 2255 1439 2279 m.
1470 2238 1591 2280 Bodl.

148 2305 273 2357 Obr„
321 2309 412 2348 fort.
454 2306 580 2349 Amb.
616 2314 653 2349 1.
769 2319 811 2348 ut
841 2318 932 2349 aute
959 2312 1143 2348 instituta
1172 2324 1249 2348 om.
1283 2306 1417 2348 Guelf.
1451 2306 1591 2360 Camp.

150 2382 189 2412 et
218 2383 308 2414 cett.
341 2375 430 2415 edd.
463 2385 555 2416 ante
584 2376 711 2429 Ald„
760 2392 840 2417 acc.
873 2375 1009 2428 Sicl1.;
1061 2380 1207 2416 retinet
1236 2373 1402 2427 Turic.,
1444 2385 1484 2415 et
1511 2377 1593 2426 alii,

151 2443 318 2493 opinor,
353 2445 486 2484 multi.

263 2513 298 2560 ξ.
331 2513 397 2550 56.
460 2509 507 2548 V
503 2515 657 2552 octium.
701 2509 748 2549 V
745 2514 919 2552 etticium
945 2511 1051 2551 Flor.
1115 2509 1161 2548 V
1159 2512 1311 2549 cticinm
1341 2508 1482 2550 Turio.

266 2580 300 2627 §.
333 2580 399 2617 57.
463 2576 621 2618 Gallica
657 2578 872 2620 valuerunt.
943 2578 1102 2619 Gallica
1140 2577 1360 2617 evaluerunt
1397 2577 1522 2618 Amb.
1555 2582 1592 2617 1.

153 2657 178 2682 a
200 2658 251 2682 m.
274 2659 350 2683 sec.
384 2643 517 2697 (prius
535 2655 618 2686 erat
642 2644 802 2688 Gallico
832 2645 958 2700 eval.)
1013 2645 1185 2699 gallicae
1203 2644 1406 2685 valuerunt
1425 2643 1592 2695 Turic.:‚
