1721 2974
469 122 522 162 αιῖ
553 120 714 175 Quintil.
741 119 868 160 Instit.
887 118 945 168 X,
968 123 1007 163 1.
1038 120 1074 171 §.
1092 123 1290 161 26—50.
1521 123 1603 163 413

161 284 164 285 ⁷
243 239 407 277 itu-eniri
423 262 478 267 —
497 239 577 291 qui.
618 234 706 276 Par.
732 240 769 275 1.
794 241 836 276 2.
863 236 904 274 in
926 236 1088 273 veritate
1111 243 1256 272 tumens
1271 243 1492 288 potensque.

159 315 270 343 certe.
309 304 397 345 Par.
423 311 458 344 1.
482 311 520 345 2.
546 315 732 343 caeterae.
818 304 1074 357 posteritatis.
1114 300 1205 342 Par.
1229 306 1265 340 1.
1290 307 1329 340 2.
1352 304 1464 342 artis.

271 385 307 434 §.
340 385 407 424 42.
468 380 631 438 φράσιν.
681 382 771 422 Par.
804 386 842 421 1.
873 387 913 422 2.
943 379 1144 435 ἀφέρεσιν.
1216 379 1433 434 [Meliores
1471 390 1607 422 tamen

156 450 435 504 SpaldingIani
458 452 590 490 latinis
610 453 776 500 litteris,
806 458 845 489 et
874 451 977 489 infra
1009 451 1044 502 §.
1068 454 1120 490 87
1152 449 1327 501 omnes]
1415 465 1603 490 accomm.

160 517 256 559 Ver.
298 518 388 558 Par.
415 524 450 558 1.
478 524 516 558 2.
536 533 614 558 sec.
633 533 688 557 m.
711 520 830 557 inser.
851 528 921 557 est.

269 598 305 649 §.
339 598 393 636 44
467 600 653 651 ipsorum.
702 595 792 636 Par.
829 601 866 636 1.
900 601 938 636 2.
969 599 1087 651 ipsos.
1187 594 1261 634 alti
1287 597 1449 650 spiritus
1475 594 1607 650 pleno.

153 664 243 705 Par.
265 671 304 704 2.
327 663 430 703 alias
449 666 616 718 spui-ciis
637 663 767 718 plena.
827 663 917 704 Par.
944 670 980 704 1.
1009 663 1112 703 alias
1142 666 1348 718 spurcitiis
1365 663 1494 718 pleno.

155 734 387 772 summatim.
425 731 516 773 Par.
540 737 576 772 1.
592 738 630 772 2.
653 747 817 770 summa.
907 732 1066 786 quidet.
1107 731 1198 772 Par.
1223 737 1258 772 1.
1273 738 1311 772 2.
1336 734 1429 787 quia
1449 743 1497 773 et.

151 811 278 854 peter-c
305 802 470 854 possint.
524 799 615 840 Par.
641 804 678 839 1.
700 805 739 840 2.
769 802 908 854 possit,
936 814 1015 839 om.
1037 811 1178 855 petere.
1266 803 1334 854 qui
1362 802 1608 857 confirmare.

153 867 246 908 Par.
272 873 309 908 1.
332 874 372 908 2.
397 885 496 923 quae
519 868 698 925 confirrc
710 888 726 919 ,¹
750 878 890 922 petere.

267 951 303 1000 §.
334 947 401 987 45.
460 948 559 984 enim
582 948 649 1000 qui
668 957 769 986 sunt.
810 946 902 987 Par.
926 951 962 986 1.
985 952 1025 998 2.
1049 957 1137 985 sunt
1156 963 1215 986 en.
1303 948 1381 986 sint
1400 948 1473 988 his.
1516 948 1609 990 Par.

155 1019 192 1053 1.
218 1020 257 1055 2.
281 1024 369 1052 sunt
388 1014 426 1054 Iz.
517 1016 582 1068 qui
602 1031 625 1053 a
644 1031 714 1053 mc·
754 1014 845 1055 Par.
874 1020 910 1055 1.
934 1021 972 1056 2.
997 1030 1077 1055 om.
1110 1030 1134 1053 a
1151 1031 1219 1053 me.

266 1094 302 1143 §.
333 1093 401 1132 46.
463 1092 602 1145 [Nihil
620 1092 823 1134 Parisinus
849 1095 977 1134 editor
1007 1095 1055 1134 de
1084 1097 1204 1134 verbo
1224 1095 1300 1133 vim
1322 1097 1366 1133 in
1393 1096 1510 1137 codd.
1531 1100 1612 1137 suis

153 1163 318 1200 invento
340 1163 406 1200 vel
425 1175 509 1200 non
527 1164 707 1202 invento.
768 1160 1029 1217 Quamquam
1056 1177 1108 1201 ne
1140 1177 1236 1216 opus
1257 1164 1422 1217 quidem
1443 1173 1501 1203 est
1516 1167 1611 1216 illis,

155 1244 249 1268 cum
269 1229 320 1268 ad
338 1229 504 1268 Homeri
526 1233 801 1270 auctoritatem
820 1234 962 1285 optimi
981 1233 1075 1270 libri
1099 1229 1383 1284 Spaldingiani
1405 1233 1608 1284 accedant,

155 1306 200 1336 ut
217 1306 304 1337 tuto
323 1301 445 1350 possit
464 1299 639 1350 omitti.]
725 1302 981 1353 superaverit.
1031 1298 1124 1339 Par.
1148 1304 1185 1339 1.
1208 1305 1249 1340 2.
1271 1302 1484 1353 superavit.

269 1377 303 1428 ξ.
333 1378 401 1417 47.
464 1376 806 1417 consolationibus.
845 1378 937 1418 Par.
970 1383 1009 1418 1.
1041 1384 1080 1418 2.
1110 1377 1527 1433 consolationibusque.

155 1460 278 1483 nonne
301 1460 335 1483 υ.
359 1461 495 1485 nonus,
537 1445 629 1486 Par.
653 1451 691 1484 1.
712 1461 750 1481 τι.
771 1457 809 1480 v.
834 1458 943 1479 unus.
981 1439 1072 1481 Par.
1091 1446 1132 1481 2.
1163 1458 1240 1481 non
1259 1458 1292 1481 v.
1315 1461 1427 1485 unus.

269 1527 304 1576 ξ.
337 1524 404 1563 48.
464 1539 539 1561 ηοη
561 1527 600 1559 in
621 1537 653 1559 s.
693 1519 783 1560 Par.
808 1525 844 1560 1.
865 1521 1005 1561 2.'0m.
1026 1522 1081 1560 in.
1169 1524 1338 1577 utriusq.
1361 1527 1501 1578 operis.
1544 1525 1613 1567 Sic

153 1590 244 1631 Par.
269 1596 306 1630 1.
332 1596 372 1628 2.
462 1591 658 1641 ingressus
676 1591 717 1627 in
734 1606 775 1643 p.
818 1587 886 1628 Sic
906 1587 999 1628 Par.
1022 1593 1059 1627 1.
1083 1594 1124 1629 2.

268 1659 304 1709 §.
338 1655 406 1695 49.
471 1666 672 1710 ceteraque
693 1673 800 1711 quae.
839 1655 930 1695 Par.
949 1660 984 1695 l.
997 1661 1036 1696 2.
1054 1668 1208 1696 caetera
1227 1674 1411 1713 quaeque.
1472 1661 1614 1716 [Spal-

155 1726 346 1778 dingiana
371 1726 588 1777 scriptura,
632 1726 735 1763 sicut
765 1725 951 1763 codicum
981 1740 1076 1764 mss.
1105 1726 1228 1764 fidem
1253 1737 1408 1780 servat,
1450 1732 1506 1769 ita
1526 1733 1612 1770 for-

154 1808 265 1832 mam
285 1795 470 1831 orationis
490 1792 720 1844 pessundat.
780 1791 888 1832 Nam
912 1795 978 1832 isti
1004 1791 1184 1833 Genitivi
1205 1810 1298 1834 cum
1326 1812 1426 1845 csse,
1467 1802 1612 1853 quibus

157 1876 236 1916 quo
255 1860 353 1914 quid
377 1851 575 1912 pertineat
604 1860 846 1912 ostenditur,
887 1876 971 1900 non
1000 1864 1215 1901 verborum
1244 1873 1340 1903 sunt
1357 1867 1439 1905 sive
1461 1880 1613 1918 gerun-

158 1930 316 1969 diorum
331 1959 341 1978 ‚
381 1928 451 1966 sed
469 1930 684 1967 nominum
702 1930 1063 1977 substantivorum,
1103 1939 1149 1969 ut
1176 1931 1305 1970 dicere
1331 1947 1507 1987 nequeas
1527 1951 1613 1975 rem

159 2012 240 2037 esse
269 1995 488 2051 probandi,
540 1995 609 2034 sed
639 1996 806 2046 adjicere
838 1996 1006 2047 debeas,
1060 2000 1170 2047 cujus
1204 2000 1261 2037 rei
1287 2000 1516 2053 probandae
1546 2006 1612 2044 sit.

158 2064 283 2117 Quod
305 2079 399 2103 cum
421 2065 676 2116 perspicuum
694 2067 765 2115 sit,
808 2067 896 2102 noli
921 2073 961 2104 te
988 2067 1033 2103 in
1060 2073 1171 2105 tanta
1191 2069 1388 2107 librorum
1405 2084 1500 2109 mss.
1522 2086 1613 2111 cor-

155 2136 341 2187 ruptione
372 2134 523 2170 nimiae
553 2132 713 2170 cuidam
741 2134 928 2185 religioni
948 2133 1154 2184 addicere,
1187 2138 1401 2188 quominus
1426 2147 1612 2179 veterum

156 2203 382 2242 editionum
408 2203 626 2239 lectionem
656 2202 836 2240 restituas
871 2212 1070 2256 ceteraque
1107 2202 1305 2255 probandi
1344 2215 1381 2243 et
1412 2206 1615 2263 refutandi

159 2269 426 2325 (argumenta,
458 2267 580 2321 puta)
610 2278 698 2306 sunt
719 2271 780 2308 ita
799 2268 937 2320 multa,
969 2285 1050 2325 qua
1067 2273 1220 2310 ratione
1243 2274 1412 2312 verbum
1432 2290 1610 2330 quoque,

157 2338 267 2393 quod
301 2340 372 2376 vix
406 2339 540 2376 abesse
579 2345 733 2390 potest,
782 2337 1034 2389 revocatur]
1150 2339 1302 2381 harum.
1353 2339 1422 2382 Sic
1450 2342 1542 2384 Par.
1569 2350 1609 2385 2.

157 2422 290 2445 earum
339 2403 432 2444 Par.
456 2410 493 2444 1.

274 2475 306 2527 ᾗ.
340 2478 407 2514 50.
469 2474 630 2526 [magni
658 2475 710 2512 sit
727 2475 818 2531 viri.
867 2472 1081 2515 Genslerus
1108 2478 1154 2515 iu
1181 2475 1391 2518 Analectis
1421 2494 1461 2532 p.
1485 2480 1538 2520 34
1566 2491 1610 2519 ut

159 2557 341 2594 magnum
359 2544 411 2580 sit
430 2541 687 2582 scribendum
711 2543 886 2590 censuit,
926 2545 994 2582 alii
1014 2553 1055 2581 ut
1073 2546 1208 2597 magni
1223 2547 1276 2584 sit
1295 2549 1439 2586 omisso
1462 2563 1608 2588 secun—

160 2610 257 2649 dum
277 2608 385 2651 Flor.
413 2608 511 2651 Tur.
531 2613 698 2650 nomine
715 2612 962 2650 substantivo
980 2614 1225 2664 maluerunt,
1255 2616 1324 2668 qui
1337 2646 1348 2666 ,
1377 2617 1411 2655 si
1434 2618 1609 2669 cogitent
