1721 2974
110 190 113 194 ,
138 151 218 189 410
565 148 837 203 supplementa
881 148 1142 188 annotationis

135 265 251 301 bare:
285 261 416 315 quibus
438 262 594 317 ubique,
630 278 785 315 cumque
804 259 1062 299 desideratum
1081 264 1167 310 erit,
1195 263 1319 315 possit
1342 278 1360 300 e
1381 270 1576 303 constanti

133 345 212 368 esse
241 331 355 383 copia
388 346 511 368 rerum
543 342 574 368 ct
606 329 828 378 verborum,
870 344 968 368 mox
989 338 1124 368 tamen
1155 345 1172 367 e
1200 332 1418 368 constantia
1445 333 1572 371 verius

132 389 207 437 sibi
235 397 360 438 videri
390 400 457 436 ait.
519 396 719 450 Equidem
755 411 848 435 cum
890 395 1124 449 Spaldingio
1162 398 1298 436 locum
1336 399 1432 437 olim
1469 407 1573 438 recte

134 465 390 504 emendatum
411 465 548 517 put0.]

244 534 280 585 ς.
314 538 352 572 6.
412 535 445 570 si
467 535 505 569 in
531 530 609 569 reb.
659 528 726 570 Sic
752 520 842 570 Parss
869 534 904 569 1.
927 536 968 570 2.

242 602 278 653 §.
311 605 350 639 7.
412 598 463 636 Et
485 621 540 628 —-
560 599 842 652 significarent.
886 596 954 636 Sic
975 596 1066 638 Par.
1096 603 1194 638 1.'2.
1283 601 1366 640 scio
1392 598 1573 640 ediscere.

129 669 218 710 Par.
254 674 291 708 1.
321 683 360 705 se
384 665 523 704 (licere.
583 664 673 705 Par.
705 671 744 705 2.
775 681 887 719 saepe
913 663 1051 704 (licere.
1139 669 1200 705 usi
1228 666 1375 722 aliquo.
1425 667 1514 708 Par.
1535 673 1575 708 2.

130 740 216 779 usui
238 736 381 790 aliquo.
439 732 530 773 Par.
552 738 590 772 1.
615 734 702 771 usui
721 731 895 786 aliquod.
980 735 1164 786 spatium.
1210 733 1301 774 Par.
1329 741 1367 775 1.
1391 740 1434 776 2.-
1462 745 1576 774 semet

129 810 266 861 ipsum.
363 800 660 840 desideraretur.
707 799 797 840 Par.
820 805 856 840 1.
879 807 917 841 2.
940 800 1196 841 desideratur.
1291 802 1445 842 turbam
1462 804 1574 841 enim.

128 874 218 914 Par.
246 877 282 910 1.
315 876 355 910 2.
381 868 673 907 turbamentum.
762 883 817 906 ex
835 885 923 922 qua.
967 867 1055 908 Par.
1081 874 1118 908 1.
1141 875 1181 910 2.
1203 884 1258 908 ex
1283 886 1369 924 quo.

240 941 276 991 §.
309 943 349 978 8.
407 935 702 975 volubilitatem.
742 934 810 974 Sic
830 933 921 975 I'ar.
944 941 984 976 2.
1016 951 1094 976 sec.
1120 951 1175 977 m.
1221 938 1459 993 voluptatem
1482 939 1574 980 Par.

129 1015 168 1050 1,
253 1021 538 1058 consequemur.
577 1002 666 1044 Par.
690 1008 729 1043 1.
750 1008 790 1043 2.
814 1005 1090 1058 consequimur.
1176 1007 1240 1045 cui
1259 1006 1444 1062 quodque.
1482 1008 1573 1048 Par.

130 1083 166 1117 1,
189 1082 227 1117 2.
251 1072 346 1129 quid
370 1088 527 1126 quoquc.

239 1145 276 1195 §.
308 1147 347 1183 9.
406 1139 557 1190 verbis,
587 1149 756 1193 praeter.
803 1137 893 1179 Par.
919 1143 955 1178 1.
986 1144 1026 1179 2.
1054 1139 1166 1178 rebus
1185 1139 1251 1179 vel
1277 1158 1341 1195 pr.
1438 1132 1573 1196 script.

129 1212 279 1269 quidem
307 1209 424 1249 iamb.
473 1205 564 1246 Par.
599 1211 638 1246 1.
667 1213 705 1247 2.
737 1221 816 1246 om.
847 1205 1014 1260 quidem.
1102 1223 1206 1247 nam.
1246 1206 1338 1247 Par.
1369 1214 1407 1248 1.
1430 1215 1469 1250 2.
1491 1221 1572 1251 om'.

209 1278 316 1331 vulg.
339 1294 400 1332 op.
441 1274 510 1316 Sic
529 1274 621 1315 Par.
645 1278 681 1313 1.
705 1279 744 1315 2.
844 1273 1040 1313 nitidiore.
1090 1273 1178 1315 Par.
1198 1279 1237 1315 2.
1260 1274 1437 1317 cultiore.
1482 1276 1572 1318 Par.

126 1354 164 1390 1.
199 1345 370 1388 utiliore,

237 1416 274 1466 ᾗ.
308 1418 372 1453 10.
433 1421 488 1460 et,
528 1410 631 1448 ubic.
669 1407 736 1448 Sic
751 1408 842 1447 Par.
867 1413 907 1447 1.
929 1415 969 1450 2.

241 1483 278 1532 §.
312 1484 380 1520 11.
437 1479 566 1532 quasi.
604 1474 694 1515 Par.
720 1479 758 1514 1.
773 1479 812 1515 2.
833 1490 965 1528 quare.
1025 1476 1182 1529 [Quasi
1198 1494 1339 1520 verum
1358 1495 1437 1519 esse
1455 1492 1575 1520 nemo

130 1552 307 1597 dubitat,
349 1547 421 1586 sed
442 1560 518 1598 quo
540 1542 796 1582 referendum
814 1544 865 1581 sit
883 1541 1126 1582 dissentitur.
1183 1544 1292 1585 Mihi
1312 1547 1502 1602 quidem,
1542 1550 1576 1586 si

128 1627 310 1662 veterum
349 1614 548 1653 editorum
581 1611 833 1662 transpositio
868 1612 1001 1648 minus
1033 1612 1244 1663 probetur,
1289 1625 1375 1651 non
1400 1617 1576 1654 multum

128 1687 285 1728 vjdetur
307 1684 459 1721 obstare
473 1710 485 1730 ‚
515 1679 731 1732 quominus
751 1677 944 1715 referatur
968 1677 1020 1715 ad
1045 1677 1202 1716 eundem
1221 1678 1497 1731 intellectum]
1518 1727 1522 1741 ,

241 1751 278 1802 §.
314 1755 378 1789 12.
438 1747 715 1787 commiserint.
755 1741 823 1782 Sic
853 1741 943 1782 Par.
967 1748 1007 1784 2.
1065 1747 1333 1789 commiserunt
1360 1745 1454 1787 Par.
1478 1751 1515 1786 1.

241 1820 277 1870 ξ.
309 1822 378 1857 13.
435 1814 538 1853 licet.
582 1811 673 1852 Par.
699 1815 794 1851 1.2.
815 1809 918 1850 libet.
1006 1822 1047 1849 ut
1071 1828 1161 1851 non.
1197 1811 1266 1853 Sic
1286 1812 1376 1854 Par.
1399 1818 1488 1855 1.2.

130 1897 292 1944 oportet.
332 1883 401 1924 Sic
430 1880 521 1922 Par.
548 1884 586 1920 1.
606 1884 646 1919 2.

167 2004 172 2009 Δ
241 1955 279 2005 §.
311 1955 378 1992 15.
440 1950 555 2003 copia
583 1962 621 1986 υ.
653 1948 712 1985 sic
736 1955 916 1999 paratur.
976 1943 1066 1986 Par.
1101 1950 1137 1985 1.
1168 1945 1207 1987 2.
1243 1949 1426 2002 copiosus
1453 1965 1490 1989 v.
1524 1953 1575 1989 sit

126 2032 305 2079 paratus.
393 2017 481 2057 hoc.
529 2015 598 2055 Sic
624 2014 715 2054 Par.
735 2018 774 2054 2.
834 2012 930 2052 haec
951 2010 1041 2054 Par.
1064 2018 1103 2055 1.

243 2090 277 2141 ς.
311 2091 376 2127 16.
436 2083 528 2124 aud.
551 2082 606 2122 al.
629 2080 702 2134 leg.
742 2079 810 2121 Sic
829 2079 918 2120 Par.
942 2085 982 2120 1.
1001 2087 1045 2122 2.
1135 2080 1216 2135 adj.
1237 2081 1387 2125 Exci&
1419 2083 1511 2125 Par.
1533 2089 1577 2134 1.,

132 2166 171 2200 2.
191 2161 311 2197 inser.
335 2164 384 2193 et.
441 2150 613 2205 [ambitu
631 2164 776 2189 rerum.
815 2146 1061 2200 Quaeritur,
1099 2150 1197 2203 quid
1220 2152 1273 2189 sit
1301 2167 1426 2190 rerum
1443 2153 1573 2192 ambi-

131 2237 204 2266 tus.
262 2223 468 2264 Nimirum
479 2217 756 2271 Quintilianus
774 2218 974 2270 scriptoris
993 2230 1084 2256 cum
1101 2219 1250 2270 pictore
1267 2219 1572 2259 similitudinem

132 2302 172 2334 et
197 2293 392 2345 significat
421 2297 461 2327 et
486 2288 720 2341 exequitur:
760 2287 863 2324 sicut
881 2287 1009 2338 pictor
1034 2287 1222 2324 varietate
1242 2287 1421 2325 colorum
1440 2294 1478 2326 et
1497 2302 1572 2326 ex·-

131 2363 327 2400 tremitate
364 2359 563 2396 linearum
600 2367 734 2392 rerum.
767 2354 910 2404 figuras
940 2353 1114 2404 effingit,
1163 2354 1221 2391 ita
1248 2356 1414 2406 scriptor
1441 2356 1570 2394 verbis

131 2429 244 2482 quasi
273 2425 476 2477 designat,
524 2436 618 2462 cum
646 2427 784 2459 contra
820 2422 892 2474 qui
926 2418 1045 2471 dicit,
1093 2421 1281 2473 sculptori
1306 2422 1464 2470 similis,
1510 2437 1570 2462 res

133 2497 234 2547 ipsas
264 2506 483 2547 proponere
509 2485 724 2540 videnum]

246 2564 282 2612 ξ.
316 2564 381 2599 17.
442 2556 666 2604 commoda,
706 2566 747 2594 ut
779 2558 951 2609 quisque.
1000 2554 1090 2596 Par.
1118 2560 1153 2593 1.
1181 2560 1219 2595 2.
1251 2555 1491 2604 commodat,
1531 2565 1571 2593 ut

138 2627 232 2682 quicl
256 2629 422 2679 quisque.
