1721 2974
369 196 423 238 acl
453 194 624 250 Quintil.
658 194 788 235 Instit.
819 192 899 243 ΠΙ,
929 194 970 234 4.
1009 197 1044 246 §.
1078 195 1247 233 1—14.
1450 202 1529 239 123

81 311 357 368 prehende-rent
387 312 511 350 etiam
540 306 683 362 Camp.
743 305 1107 363 comprehenderunt
1138 305 1244 347 Flor.
1276 304 1387 347 Alm.
1445 306 1531 349 Re-

85 389 198 434 cepta
227 388 284 419 est
312 381 356 418 in
386 378 508 419 Paris.
540 383 578 417 1.
602 382 641 416 2.
666 379 704 417 5.

198 452 235 501 §.
269 451 308 488 6.
367 455 508 486 cuncta
547 445 721 483 rimanti.
793 443 879 481 rim.
917 458 951 482 c.
991 442 1098 483 Flor.
1221 453 1258 482 et
1295 441 1401 484 talis.
1468 442 1532 486 Ita

83 517 206 555 etiam
232 514 342 554 Flor.
375 509 515 566 Camp.
554 509 676 551 Amb.
701 516 742 551 2.
803 509 1004 564 copulam
1032 513 1161 552 omitt.
1192 513 1314 551 etiam
1342 511 1466 553 Paris.
1492 519 1531 553 1.

83 581 195 622 Sich.
229 581 365 622 Colin.
397 580 498 621 Obr.
530 581 622 619 fort.
652 577 779 619 Amb.
810 583 846 617 1.
964 582 1146 620 oratoris.
1205 581 1396 619 orationis
1419 579 1530 622 Flor.

83 647 194 690 AJm.
235 647 359 688 Amb.
390 652 427 687 1.
456 652 497 688 2.
537 644 672 686 Guelf.
704 644 823 686 Voss.
848 650 886 686 1.
917 644 1037 686 Bern.
1051 679 1063 700 ,
1107 655 1147 688 et
1176 662 1314 687 omnes
1343 657 1389 688 ut
1414 650 1531 689 vide-

86 725 152 757 tur
179 716 298 756 codd.
288 747 321 766 .‚
361 723 517 770 praeter
546 712 670 755 Goth.
701 712 820 754 Voss,
840 719 880 754 2.

201 785 238 834 §.
271 788 312 824 7.
368 798 489 837 genus
520 792 589 821 est.
649 790 705 819 est
733 797 821 833 gen.
852 780 989 822 Turio.
1018 780 1127 822 Flor.
1168 779 1290 823 Amb.
1325 787 1362 825 1.
1396 782 1532 827 Guelf.

87 848 255 905 Camp.;
291 859 473 904 receptus
504 849 601 890 ordo
632 857 690 888 est
716 850 761 887 in
792 846 916 889 Goth.
951 857 990 888 et
1020 849 1110 889 edd.
1142 850 1340 892 omnibus.

198 919 236 968 §.
271 923 310 958 8.
369 917 469 956 Item
498 920 645 957 omnia,
706 915 758 957 It.
789 933 875 957 cum
904 933 1005 956 omn.
1042 915 1184 971 Camp.

201 987 238 1037 §.
272 991 311 1026 9.
366 985 453 1040 jud.
495 995 532 1024 et
569 985 745 1025 concion.
815 994 851 1022 et
890 999 970 1025 om.
1016 982 1152 1024 Turio.
1191 985 1302 1028 Flor.
1340 985 1463 1030 Amb.
1493 995 1535 1032 2.

86 1053 388 1095 conditionalem
439 1052 579 1107 Camp.
711 1051 925 1105 generales.
999 1052 1196 1105 generalis
1242 1053 1379 1094 Turio.
1426 1056 1534 1099 Flor.

87 1121 224 1163 Guelf.
258 1121 399 1175 Camp.
514 1117 779 1170 ἐξεταστικόν.
834 1130 871 1158 et
900 1118 998 1168 ἒξετ.
1042 1124 1166 1160 etIam
1197 1121 1309 1163 Sich.
1425 1125 1536 1166 dicit.

86 1187 149 1229 Ita
174 1189 299 1229 Paris.
321 1194 359 1229 3.
383 1192 423 1230 5.
453 1188 595 1242 Camp.
627 1187 730 1228 Obr.
759 1189 850 1228 fort.
871 1186 994 1228 Amb.
1018 1193 1056 1229 1.
1117 1188 1264 1228 dicitur
1290 1193 1412 1231 etiam
1428 1192 1538 1237 Flor'.

86 1255 210 1298 Amb.
235 1263 274 1298 2.
344 1255 478 1296 dicunt
508 1255 632 1296 Paris.
659 1261 697 1296 1.
719 1260 758 1296 2.

200 1328 236 1377 §.
272 1329 339 1365 10.
402 1323 683 1376 Protagoram.
751 1320 1005 1375 Protagoran
1041 1319 1164 1362 Amb.
1198 1327 1235 1364 1.
1287 1334 1333 1366 ut
1369 1342 1537 1383 semper.

85 1392 256 1448 Pythag.
289 1391 430 1446 Camp.
546 1389 750 1444 Sophiste,
783 1392 905 1429 etiam
932 1389 1040 1429 Flor.
1071 1387 1195 1430 Amb.
1218 1395 1256 1432 1.
1288 1391 1413 1436 Paris.
1438 1402 1475 1438 1.
1496 1405 1537 1440 2.

88 1465 128 1501 3.
162 1459 303 1514 Camp.
421 1458 592 1512 clisjung.
652 1457 800 1512 clijung.
834 1460 956 1497 etiam
980 1455 1106 1497 Amb.
1127 1463 1168 1498 2.

201 1529 236 1579 §.
275 1532 340 1567 11.
413 1529 547 1566 inesse.
611 1542 690 1565 esse
725 1523 848 1565 Amb.
881 1530 946 1578 1.3
998 1540 1140 1566 vocem
1181 1528 1376 1569 omittunt
1415 1530 1538 1574 Tarv,

87 1593 214 1646 Ald.‚
265 1598 353 1635 soli.
470 1594 598 1634 Nobis
637 1603 686 1634 et.
758 1592 814 1633 N.
843 1604 984 1632 ‘autem
1019 1604 1056 1632 et
1092 1592 1217 1636 Paris.
1240 1601 1280 1636 2.
1392 1599 1540 1653 plures.

85 1662 278 1717 plurimos
305 1671 463 1717 praeter
491 1670 731 1702 memoratos
762 1660 915 1700 habent
943 1660 1052 1702 Flor.
1076 1660 1202 1701 Amb.
1224 1669 1263 1704 2.
1287 1663 1412 1708 Paris.
1434 1672 1474 1709 3.
1499 1672 1539 1711 5.

89 1731 181 1770 fort.
212 1728 334 1771 Amb.
362 1735 425 1784 1.;
464 1739 624 1784 recepta
653 1737 711 1768 est
738 1731 783 1768 in
810 1728 935 1769 Paris.
958 1734 995 1769 1.
1018 1735 1058 1770 2.
1092 1729 1234 1784 Camp.

201 1803 238 1851 ξ.
273 1803 338 1839 12.
396 1808 433 1837 et
467 1797 613 1852 ἕγκωμ.
674 1807 709 1836 et
746 1795 960 1850 guedetam,-
1007 1796 1086 1851 ἔγκ.
1127 1808 1195 1837 aut
1222 1797 1326 1841 ε’πιὸ.
1372 1801 1543 1857 (omisso

10 1858 12 1860 ¹
91 1867 222 1918 priore
247 1865 309 1919 et)
340 1865 448 1906 Flor.
483 1864 652 1919 Camp.3
695 1875 763 1905 aut
791 1865 946 1905 habent
972 1863 1101 1905 Amb.
1126 1871 1163 1906 1.
1197 1866 1359 1920 Turio„
1399 1875 1470 1926 qui
1493 1873 1543 1912 de

93 1935 306 1972 omissione
335 1935 409 1973 τοῦ
440 1943 476 1972 et
504 1936 695 1985 silenturr,
741 1933 852 1971 idem
878 1935 1095 1974 voluerunt
1126 1932 1260 1976 Guelf.
1291 1934 1391 1993 (qui
1420 1939 1544 1981 habet

93 1998 162 2053 ut)
194 2009 234 2039 et
264 1998 389 2040 Amb.
410 2005 478 2040 2.:
519 1998 862 2053 ἓγκωμιαστικονα
891 2011 934 2039 ut
962 2000 1024 2041 ἐπ.

209 2068 247 2118 §.
280 2072 346 2108 13.
403 2066 514 2107 mihi.
571 2066 689 2106 multi
721 2066 862 2120 Cfflnp.
978 2068 1332 2112 demonstrationis.
1386 2072 1544 2113 demon-

92 2137 304 2174 stravimus
343 2133 480 2175 Turio.
521 2149 543 2173 a
571 2149 633 2188 pr.
667 2149 748 2186 m.3
812 2134 1113 2175 demonstrativi
1150 2136 1291 2192 Camp.
1419 2139 1545 2195 ἔγκω-

94 2205 310 2258 μιαστικῷ.
436 2201 564 2242 Amb.
590 2207 626 2241 1.
659 2204 795 2241 latinis
823 2205 964 2242 litteris
994 2207 1287 2246 encomiastico.

146 2279 147 2282 ’
209 2275 245 2324 §.
279 2271 346 2310 14.
413 2268 617 2310 suadendi.
687 2267 826 2322 Camp.
869 2270 1052 2323 persuad.
1164 2272 1403 2329 plerumque.
1458 2275 1546 2330 ple-

98 2354 233 2393 raque.
263 2336 390 2379 Amb.
417 2342 453 2377 1.
577 2336 630 2375 Ut
658 2360 714 2367 —-
741 2339 832 2377 sint.
890 2338 950 2376 At
979 2361 1035 2369 —-
1062 2350 1150 2378 sunt
1183 2339 1324 2395 Camp.
1426 2343 1545 2399 sorte

96 2422 174 2447 non
203 2421 271 2446 ex.
319 2404 365 2462 f
397 2421 531 2444 nomen
559 2420 614 2443 est·
633 2403 770 2444 Turio.
794 2419 816 2444 a
837 2420 916 2446 sec.
938 2421 993 2445 m.
1055 2423 1130 2447 non
1151 2423 1232 2449 om.
1257 2412 1380 2449 etiam
1401 2409 1542 2466 Camp.

202 2483 433 2513 mutuantes.
502 2482 692 2512 mutantes
739 2473 897 2512 videtur
938 2489 1019 2513 esse
1060 2477 1104 2513 in
1151 2479 1294 2517 nostris
1332 2481 1542 2533 01m1ibus;

102 2539 234 2595 (certe
264 2542 402 2580 nullus
430 2538 725 2593 memoratur3)
754 2540 896 2580 diserte
926 2542 1088 2581 affertur
1116 2545 1276 2596 vulgata
1307 2560 1329 2584 e
1357 2545 1482 2588 Paris.
1504 2553 1543 2591 1.

101 2612 141 2648 2.
161 2608 201 2647 4.
234 2606 372 2662 Camp.
433 2607 524 2662 [Cf.
556 2610 678 2662 praef.
706 2607 804 2648 Vol.
825 2606 858 2648 I.
890 2623 979 2662 pag.
1002 2607 1258 2652 LXXXIV.
1317 2611 1374 2654 At
1392 2626 1543 2654 mutare

103 2677 224 2716 etiam
252 2686 399 2716 vertere
435 2691 490 2717 εει·
529 2693 604 2717 uno
646 2679 685 2715 in
722 2675 885 2716 alterum
913 2693 1125 2718 sermonem
1140 2681 1360 2733 significare
1378 2682 1542 2725 Forcel-
