1721 2974
193 147 272 182 338
579 138 587 147 ’
631 136 904 193 Supplemcnia
934 139 1196 177 annotationis

199 255 303 294 Nam
334 271 433 293 cnm.
486 252 590 292 Flor.
630 255 751 291 etiam
780 251 915 288 inserit
945 259 1011 297 ct„
1110 265 1207 289 eum.
1266 248 1403 289 Turio.
1444 263 1466 288 a
1494 264 1554 303 pr.
1584 263 1640 289 m.

198 322 304 362 Flor.
333 320 470 362 Guelf.
502 337 600 360 cum.
718 332 772 355 cx
803 316 904 356 alea.
965 315 1090 356 Amb.
1122 322 1159 356 1.
1191 315 1298 357 Flor.
1327 318 1451 355 etiam
1481 315 1609 355 emale.

313 422 350 472 §.
382 426 448 461 73.
510 419 678 459 Curium.
742 414 866 456 Amb.
901 422 937 457 1.
981 420 1102 457 etiam
1142 427 1306 457 curtum.
1422 425 1497 456 aer.
1538 431 1641 455 suae.

198 489 340 542 Camp.
363 505 394 528 s.
419 504 455 526 a.
560 494 595 522 et
624 482 752 523 simul.
801 483 927 524 Amb.
952 490 989 524 1.
1021 484 1127 525 Flor.
1155 487 1277 524 etiam
1300 493 1341 522 ut
1363 499 1394 524 s.
1499 482 1647 521 Fabiae

204 555 443 596 Dolabellae.
490 551 616 591 Amb.
649 556 686 589 1.
729 566 751 589 a
781 566 840 604 pr.
874 567 928 590 m.
961 551 1080 606 fabia
1112 551 1321 591 dolabella.
1440 567 1480 589 se
1509 565 1645 589 annos.

198 624 305 664 Flor.
343 622 482 671 Camp.
515 635 551 657 a.
582 635 614 657 s.
704 618 777 657 hoc
792 621 890 671 jam.
940 618 1065 658 Amb.
1090 624 1127 658 1.
1160 618 1267 658 Flor.
1291 620 1473 657 inserunt
1492 616 1617 656 illam.

315 688 466 742 [Quod
495 685 751 738 Spaldingius
783 688 898 725 litem
928 702 1089 726 movere
1121 686 1278 725 videtur
1306 687 1503 724 locutioni
1523 698 1648 722 annos

201 759 360 805 habere,
410 753 515 791 nihil
547 762 625 802 est,
673 762 717 791 ut
744 756 826 805 ipse
860 762 995 806 postea
1024 756 1241 793 intellexit.
1299 752 1405 793 Nam
1430 767 1482 790 ne
1513 753 1649 790 locum

199 821 366 876 Nepotis
398 836 449 859 ex
478 823 561 859 vita
589 818 675 859 Att.
709 835 743 859 c.
769 825 794 860 7
834 837 920 859 cum
949 837 1071 860 annos
1109 820 1318 859 haberet
1353 821 1570 873 sexaginta
1599 832 1651 856 ex

201 891 428 942 vulgaribus
459 889 598 925 lexicis
625 890 828 939 ingeram,
868 891 951 940 ipse
985 886 1122 927 Cicero
1156 889 1208 927 acl
1235 886 1322 927 Att.
1346 884 1421 937 IV,
1445 891 1469 927 8
1500 887 1566 940 qni
1593 894 1651 923 tot

202 973 346 1004 annOS,
400 965 491 1008 quot
521 954 691 1005 habet,
748 953 971 1006 designatus
1010 954 1148 994 consul
1171 955 1322 1011 siler-ii,
1383 963 1423 994 et
1458 969 1498 1006 p.
1532 950 1648 992 Caec.

203 1042 237 1065 c.
264 1029 315 1064 19
347 1025 452 1076 isque
476 1024 560 1075 jam
591 1037 713 1061 annos
740 1021 838 1059 XX
862 1021 1096 1072 haberet]

317 1126 353 1176 ᾧ.
385 1124 454 1163 74.
513 1121 751 1161 mordacius.
790 1120 924 1161 Turio.
946 1137 967 1159 a
988 1138 1065 1161 sec.
1088 1137 1145 1161 m.
1165 1121 1370 1161 morc'latis.
1460 1119 1651 1159 Passieni.

203 1192 328 1232 Amb.
355 1195 392 1229 1.
412 1191 621 1243 passionis.
667 1188 775 1229 Flor.
800 1193 921 1228 etiam
939 1193 1137 1244 passioni.
1225 1192 1408 1228 incusans
1429 1190 1523 1242 ejus·
1563 1185 1655 1225 Tu-

204 1262 275 1298 rio.
308 1273 330 1296 a
360 1273 419 1310 pr.
453 1271 507 1295 m.
540 1258 696 1295 incusas
727 1259 838 1296 cium.
954 1256 1091 1296 solere.
1146 1255 1284 1296 Turio.
1318 1271 1340 1295 a
1367 1271 1427 1309 pr.
1457 1270 1514 1295 m.
1543 1253 1653 1293 Flor.

204 1325 356 1365 soleret.
461 1322 688 1364 mehercule.
737 1323 863 1363 Aan.
897 1329 933 1363 1.
966 1327 1086 1363 etiam
1117 1323 1364 1363 mehercules.
1466 1324 1654 1361 imitatus.

204 1392 343 1432 Turio.
376 1393 588 1431 imitatus.
695 1408 754 1445 eq,
777 1390 893 1430 Rom.
945 1390 1087 1444 Camp.
1111 1394 1228 1431 inser.
1261 1394 1340 1445 qui.
1445 1389 1657 1442 objicienti.

208 1459 351 1512 Camp.
377 1452 569 1498 obicienti.
672 1458 912 1498 comedisset.
967 1458 1105 1499 Turio.
1139 1474 1160 1497 a
1180 1474 1240 1512 pr.
1261 1473 1318 1497 m.
1349 1456 1626 1498 commedisset.

319 1552 354 1601 §.
387 1551 456 1588 75.
515 1550 679 1587 veniam.
736 1547 861 1587 Amb.
895 1553 933 1588 1.
963 1547 1236 1587 verecundiam
1277 1550 1358 1602 [ex
1387 1562 1466 1601 quo
1495 1549 1658 1586 fortasse

208 1615 521 1656 inverecundiam
552 1618 758 1665 conjicias,
799 1619 898 1655 item
928 1625 1064 1668 postea
1092 1627 1128 1654 et
1155 1632 1226 1669 pro
1259 1626 1349 1666 aut,
1388 1618 1433 1653 ni
1463 1615 1541 1654 hoc
1563 1615 1659 1652 ferri

208 1699 320 1738 posse
340 1681 530 1733 videtur]
601 1692 655 1719 est
676 1699 779 1721 usus.
820 1682 959 1736 Camp.
978 1700 1036 1724 us.
1057 1700 1088 1722 e.
1177 1686 1270 1737 ipse.
1309 1681 1435 1722 Amb.
1461 1687 1500 1722 1.
1523 1684 1571 1720 is.

210 1767 262 1790 se.
311 1749 520 1790 Omittunt
548 1747 683 1788 Turio.
715 1764 738 1788 a
762 1765 821 1802 pr.
836 1765 891 1788 m.
913 1749 1021 1790 Flor‚
1047 1748 1182 1789 Guelf.
1208 1749 1347 1803 Camp.
1432 1748 1660 1789 Publiliam.

211 1818 335 1857 Amb.
361 1822 399 1856 1.
422 1819 543 1855 etiam
558 1815 747 1870 publiam.
796 1815 903 1856 Flor.
928 1817 1138 1872 publicam.
1178 1866 1179 1870 Ἰ

323 1910 360 1959 §.
392 1911 460 1947 76.
521 1905 693 1960 quidam.
751 1905 889 1946 Turio.
923 1906 1088 1962 quidem.
1203 1924 1293 1962 qno.
1349 1906 1458 1947 Flor.
1500 1919 1661 1960 quoque

212 1973 329 2030 quod.

326 2066 362 2114 §.
383 2067 452 2103 77.
512 2060 604 2100 Sed.
648 2059 858 2103 Omittunt
873 2062 975 2104 Ald.
999 2073 1038 2104 et
1061 2065 1254 2104 editiones
1277 2071 1369 2102 ante
1390 2060 1517 2114 Gibs.,
1549 2077 1662 2102 excc.

215 2130 367 2172 Cervic.
391 2129 519 2170 Stoer.
546 2129 717 2170 Chouet.
813 2147 903 2185 qua.
952 2131 1061 2172 Jens.
1086 2134 1192 2186 quia.
1275 2146 1382 2184 pass,
1403 2130 1504 2169 amb.
1552 2127 1661 2169 Flor.

217 2197 356 2251 Camp.
381 2198 482 2237 amb.
503 2214 612 2252 pass.
702 2200 815 2237 enim.
867 2197 979 2239 Sich.
1007 2214 1167 2254 quoque
1196 2199 1249 2238 bi.
1349 2197 1663 2236 Tarraconensi-

217 2267 299 2306 bus.
353 2263 480 2305 Aan.
504 2270 541 2305 1.
572 2264 710 2305 Turio.
742 2263 882 2318 Camp.
913 2266 1022 2307 Jens.
1054 2266 1176 2306 Tarv.
1207 2277 1313 2305 terra
1340 2264 1576 2304 conensibus.

217 2349 289 2372 ara
321 2335 399 2386 ejus
427 2343 595 2372 enatam.
648 2331 787 2386 Camp.
819 2336 898 2387 ejus
925 2350 1000 2374 ara
1027 2344 1174 2374 natam.
1280 2332 1474 2387 Apparet.
1524 2328 1660 2370 Guelf.

218 2410 436 2454 apparet-ei.
525 2399 762 2439 accendatis.
809 2398 943 2441 Guelf.
965 2401 1177 2442 accedatis.

332 2468 424 2520 [De
460 2466 617 2521 palmae
651 2476 792 2506 enatae
831 2469 960 2508 fausto
998 2478 1151 2509 ostento
1181 2469 1350 2508 conferri
1382 2465 1516 2521 Spald.
1545 2480 1664 2520 prae<
1704 2504 1706 2515 ,

216 2540 323 2637 {rema
351 2536 463 2584 jussit
491 2533 661 2576 Sueton.
695 2531 803 2588 Aug.
838 2551 872 2575 c.
905 2540 957 2576 92
999 2545 1040 2577 et
1073 2535 1173 2578 Stat.
1203 2535 1304 2578 Silv.
1332 2533 1374 2587 I,
1404 2539 1454 2588 3,
1484 2538 1538 2575 60
1565 2535 1662 2588 ibiq.
1704 2550 1706 2580 f

245 2597 390 2652 IarcL]
958 2622 961 2625 ¹
