1721 2974
178 163 260 203 240
619 158 889 214 Supplcmcnm
922 161 1185 198 annotationis

179 275 345 314 circuitu
370 272 536 328 quodam
567 272 620 312 ml
651 272 703 312 id.
817 287 884 311 nec
913 273 1084 311 nimium.
1143 270 1266 313 Goth.
1298 289 1343 312 ne
1377 277 1467 314 nim.
1582 291 1628 314 ne

177 343 232 382 ml
263 344 402 381 omnia.
461 338 584 380 Goth.
616 356 684 379 nec
715 337 768 377 ad
795 354 831 377 ο.
898 337 1025 379 Amb.
1059 344 1095 378 1.
1125 338 1263 380 Turio.
1295 355 1316 380 a
1348 356 1406 394 pr.
1434 356 1489 382 m.
1515 340 1626 383 Flor.

178 409 315 450 Guels.
345 426 389 448 nc
417 411 560 448 omnia.
671 408 770 447 satis
798 408 857 444 sit.
911 405 1020 446 Jens.
1054 416 1093 447 et
1122 406 1210 447 edd.
1232 416 1323 446 ante
1343 406 1473 447 Stoer.
1499 423 1625 457 meae,

176 493 286 517 exc-c.
319 476 421 518 Ald.
454 474 563 515 sich.
680 475 779 512 satis
809 476 859 512 sit
888 497 944 505 -·
972 476 1049 530 qui.
1121 473 1258 516 TurIC.
1289 474 1401 516 'Flor.
1435 490 1458 514 a
1487 491 1544 529 pr.
1573 491 1628 517 m.

173 548 274 586 satis
303 547 381 584 sita
398 540 536 582 idoneo
556 544 633 596 qui.

290 636 325 685 ξ.
360 639 424 674 17.
480 631 539 671 Αἰ
571 633 622 670 in.
685 630 813 673 Amb.
834 637 870 673 2.
903 649 954 671 cm
989 635 1042 672 in.
1156 632 1333 672 dicturus
1354 643 1421 673 cst.
1474 631 1566 673 Par.
1589 639 1626 672 1.

174 709 212 744 5.
235 706 360 742 omitt.
382 710 449 739 cst.
563 701 695 738 interr.
726 710 782 738 cst
811 711 969 754 exim-q.
1027 700 1153 741 Amb.
1184 705 1221 740 1.
1242 706 1279 741 2.
1310 715 1469 755 quoque
1500 702 1628 741 omitt.

173 781 241 810 cst.
343 767 520 807 noluerit.
580 764 716 808 Guelf.
737 766 914 807 volucrit.
973 767 1068 807 Hoc
1103 783 1180 807 om.
1201 766 1341 821 Camp.
1437 784 1513 807 non
1532 767 1624 807 alio.

172 837 297 878 Amb.
330 841 363 875 1.
404 845 505 877 rato.
631 852 786 877 causae.
853 834 987 876 Turic-
1029 852 1151 876 causa
1194 846 1259 874 cst.
1380 835 1628 890 perducetur.

175 904 317 958 Camp.
351 902 572 944 deducetur.

284 997 320 1048 ᾧ.
351 999 415 1035 18.
471 1004 514 1033 ut
534 996 575 1033 in
594 1010 653 1034 or.
712 992 853 1046 Camp.
877 1003 911 1032 et
933 996 973 1033 in
992 1010 1051 1032 or.
1165 1010 1319 1048 sparsa.
1376 992 1484 1034 Flor.
1519 1009 1542 1034 a
1564 1009 1626 1048 pr.

170 1079 227 1104 m.
264 1064 392 1105 Amb.
422 1068 462 1103 2.
497 1061 589 1102 Par.
621 1065 659 1103 5.
678 1061 761 1119 far
787 1077 919 1115 prosa.
985 1060 1076 1102 I’ar.
1107 1067 1144 1102 1.
1173 1068 1214 1103 2.
1243 1078 1395 1116 perosa.
1508 1078 1625 1102 rcum.

172 1130 339 1173 Omittit
363 1128 487 1170 Goth.
601 1131 876 1169 convincimus.
934 1127 1060 1170 Amb.
1090 1134 1127 1170 1.
1156 1128 1293 1170 Turio.
1320 1128 1426 1170 Flor.
1451 1144 1474 1169 a
1492 1145 1549 1183 pr.
1568 1145 1624 1171 m.

169 1197 287 1241 Ahn.
311 1197 451 1251 Camp.
474 1200 753 1252 conjungimus.
801 1194 919 1237 Voss.
944 1202 981 1237 3.
1005 1199 1256 1237 convicimus.
1355 1195 1403 1234 (Ic
1424 1198 1625 1238 insecutis,

169 1265 279 1307 Flor.
315 1264 454 1318 Camp.
487 1264 624 1305 deinde
649 1267 800 1305 secutis.
865 1265 982 1308 Alm.
1020 1264 1109 1305 dein
1135 1267 1291 1305 secutis.
1345 1278 1471 1317 marg.
1501 1263 1624 1305 Basil.

169 1335 218 1373 dc
248 1335 476 1374 consecutis.
590 1343 770 1387 tempore.
827 1332 936 1375 Flor.
966 1349 989 1373 a
1009 1350 1068 1388 pr.
1087 1349 1138 1372 m.
1170 1343 1358 1386 tempora.
1475 1335 1626 1373 ceteris.

170 1402 238 1443 Sic
267 1405 387 1441 etiam
408 1400 439 1440 F
442 1404 513 1441 lor.
535 1400 663 1443 Amb.
682 1406 721 1441 2.
739 1399 830 1442 Par.
855 1407 891 1442 1.
1005 1401 1109 1456 quod
1130 1400 1191 1440 illi
1215 1399 1285 1440 vel.
1335 1397 1471 1442 Guelf.
1493 1400 1622 1442 Amb.
1671 1394 1674 1399 ⁴
1714 1376 1715 1416 ἶ

170 1477 210 1512 2.
227 1473 352 1510 omitt.
376 1468 449 1509 illi.
560 1486 657 1523 quac
674 1467 859 1508 volumus.
920 1468 1039 1510 Voss.
1062 1475 1100 1510 2.
1126 1466 1264 1521 Camp.
1287 1467 1389 1522 quod
1410 1485 1448 1509 v.
1561 1469 1627 1510 vel

169 1541 219 1578 iis
248 1555 358 1593 quac.
415 1536 551 1576 Turio.
568 1551 591 1575 a
609 1551 665 1589 pr.
688 1551 740 1574 m.
761 1552 838 1576 om.
858 1539 921 1588 iis,
973 1552 995 1576 a
1021 1552 1098 1576 sec.
1126 1551 1181 1575 m.
1210 1551 1304 1575 cum
1325 1533 1460 1576 Guelf.
1479 1534 1623 1590 Camp.

168 1606 232 1645 vel
251 1606 310 1644 liis
331 1621 441 1660 quae.
558 1603 720 1642 dixerit.
774 1603 910 1644 Turio.
945 1620 967 1643 a
987 1620 1045 1657 pr.
1066 1619 1121 1644 m.
1146 1604 1390 1658 dixeritque,
1427 1619 1451 1642 a
1471 1619 1548 1645 sec.
1566 1619 1622 1646 m.

170 1674 335 1713 dixerat
356 1687 449 1714 cum
470 1670 609 1724 Camp.
629 1669 736 1712 Jens.
760 1670 860 1712 Obr.
911 1671 974 1712 At
992 1671 1110 1713 Alm.
1131 1661 1331 1726 (Exci-que.
1379 1669 1496 1711 Voss.
1515 1673 1558 1712 1.
1581 1677 1619 1713 3.

169 1742 362 1781 diximus.
477 1756 705 1794 repugnare.
765 1738 901 1780 Turio.
922 1737 1050 1791 Flor.,
1090 1746 1259 1793 uterque
1286 1753 1309 1777 a
1335 1753 1392 1791 pr.
1417 1753 1472 1778 m.
1500 1737 1618 1781 Alm.

164 1825 353 1864 pugnare·

281 1889 313 1940 §.
341 1891 406 1928 19.
463 1885 514 1925 Id
532 1888 579 1926 si.
639 1883 779 1938 Camp.
802 1884 866 1924 vel
884 1886 928 1923 si.
1015 1886 1222 1937 contingit.
1267 1881 1396 1926 Amb.
1417 1889 1455 1924 1.
1480 1882 1618 1927 Turlc.

165 1954 272 1996 Flor.
294 1971 316 1995 a
332 1971 390 2008 pr.
408 1969 461 1993 m.
484 1956 660 2007 contigit.
774 1963 816 1991 ut
836 1969 932 1992 cum.
991 1950 1129 1991 Turio.
1159 1966 1181 1990 a
1202 1966 1260 2005 pr.
1280 1966 1335 1992 m.
1358 1961 1400 1990 ut
1420 1968 1518 1993 cum.

164 2022 280 2064 nolle.
348 2019 483 2062 Guelf.
512 2020 620 2060 velle.
689 2022 729 2059 in
769 2019 914 2074 aliquo.
979 2018 1118 2059 Turio.
1160 2034 1183 2058 a
1210 2035 1267 2072 pr.
1301 2035 1358 2060 m.
1387 2022 1428 2059 in
1457 2018 1619 2075 aliquod

166 2107 260 2131 cum
279 2089 387 2130 Flor.
407 2105 429 2129 a
451 2105 506 2143 pr.
529 2104 584 2129 m.
605 2087 719 2130 Alm.
749 2087 884 2128 Guelf.
903 2086 1031 2129 Amb.
1050 2093 1089 2127 2.
1113 2085 1251 2136 Oxou:
1278 2084 1410 2140 Lugd.
1513 2086 1619 2142 quocl

162 2159 236 2199 vel.
289 2157 424 2198 Turio.
450 2172 473 2197 a
489 2172 566 2197 sec.
584 2171 638 2197 m.
658 2155 766 2197 Flor.
787 2171 809 2195 a
829 2171 887 2209 pr.
905 2170 960 2196 m.
991 2153 1127 2194 Guelf.
1157 2152 1285 2195 Amb.
1303 2160 1343 2195 2.
1373 2153 1490 2195 Voss.
1515 2161 1555 2196 2.
1576 2159 1616 2196 3.

162 2225 284 2267 Bern.
316 2229 507 2266 omittunt
535 2222 650 2279 quod.
763 2240 933 2264 causam.
992 2221 1126 2263 Turio.
1159 2236 1182 2261 a
1207 2237 1283 2261 sec.
1303 2236 1357 2261 m.
1386 2220 1490 2261 Flor.
1514 2237 1537 2261 a
1554 2237 1616 2275 pr.

161 2310 216 2335 m.
241 2292 376 2334 Guelf.
395 2293 520 2334 Amb.
540 2298 579 2333 2.
594 2290 702 2331 Jens.
723 2288 820 2330 Loc.
839 2288 949 2330 Ven.
971 2305 1125 2329 causas.
1219 2291 1280 2327 sit.
1331 2285 1466 2329 Guelf.
1488 2287 1614 2331 Goth.

160 2360 204 2402 V
207 2377 280 2402 oss.
302 2367 338 2403 2.
361 2366 396 2401 3.
428 2360 545 2401 Bern.
571 2362 773 2399 omittunt.
889 2361 1009 2397 ctiam
1040 2357 1197 2397 diutius.
1255 2353 1378 2396 Goth.
1403 2357 1463 2395 εέῑ
1482 2354 1522 2397 cl.

275 2441 309 2491 §.
329 2445 396 2481 20.
445 2441 598 2479 nesciet.
632 2434 738 2477 Item
758 2436 885 2479 Amb.
910 2441 946 2476 1.
969 2442 1008 2477 2.
1028 2435 1134 2476 Flor.
1151 2435 1241 2476 Par.
1263 2439 1299 2474 3.
1358 2433 1441 2476 Sed
1457 2433 1548 2475 Par.
1572 2440 1611 2476 1.’

160 2510 335 2547 nesciret.
388 2507 478 2548 Par.
512 2511 550 2548 5.
581 2508 742 2545 nesciat.
856 2513 969 2544 actor
1000 2503 1104 2557 quid.
1155 2502 1282 2544 Amb.
1304 2507 1341 2542 1.
1370 2511 1510 2542 auctor
1533 2505 1611 2556 qui.

239 2577 442 2630 propositi.
499 2574 609 2617 Jens.
627 2574 824 2629 proponit.
935 2570 1176 2624 pedetentim.
1229 2568 1357 2611 Amb.
1381 2575 1418 2610 2.
1435 2568 1611 2624 pediten-

158 2644 244 2682 tim.
359 2645 439 2696 ejus
480 2654 515 2683 et
556 2641 619 2683 ad.
687 2639 823 2682 Turio.
867 2654 889 2679 a
919 2654 978 2693 pr.
1009 2652 1064 2678 m.
1097 2636 1205 2679 Flor.
1247 2634 1382 2678 Guels.
1411 2635 1540 2681 Amb.
1569 2642 1609 2680 2.
