1721 2974
271 122 325 162 aa
347 122 510 176 Quintil.
531 123 661 165 Imm.
682 123 740 172 Χ,
765 129 801 164 1.
834 125 866 178 ξ.
892 127 1143 166 1οθ-131,
1178 130 1232 186 ,2.
1257 130 1425 167 3-16,
1492 128 1574 170 419

129 236 326 288 debeant,
364 240 401 276 si
420 248 574 291 partem
605 237 695 292 (vel
711 236 885 292 partim)
915 253 991 277 non
1016 240 1280 291 concupisset,
1320 241 1364 277 in
1383 238 1572 281 Seebodii

128 304 372 344 bibliotheca
392 308 527 346 critica
549 308 645 344 anui
667 309 773 345 1828
800 320 862 344 nr.
884 307 985 357 79.]

238 374 275 424 ᾧ.
309 377 402 413 131.
460 371 853 426 utrinquejuclicium.
890 372 981 414 Par.
1011 377 1048 412 1.
1082 376 1122 412 6.
1155 382 1320 426 utrumq.
1338 391 1368 425 J
1418 374 1506 416 Par.
1526 382 1567 418 2.

126 453 204 480 sec.
227 455 281 479 m.
299 451 469 494 utrumq.
489 439 671 493 judicem.

703 563 734 604 G
767 579 794 604 Α
828 580 864 604 1’.
930 561 991 603 II.

239 643 276 694 ξ.
309 646 349 682 3.
407 641 723 696 apprehenditur.
769 641 860 683 Par.
887 648 923 683 1.
944 649 984 683 2.
1008 646 1045 683 6.
1078 642 1401 697 apprehendatur.

237 713 278 762 ᾗ.
310 712 348 748 6.
408 708 655 749 tradiderint.
695 708 765 750 Sio
781 709 872 750 Par.
886 714 925 750 2.
947 725 1025 750 sec.
1044 725 1099 750 m.
1164 709 1408 749 tradiderunt
1426 709 1570 752 Par.1.

125 780 165 815 2.
186 780 223 816 6.
332 776 534 817 eruendas.
578 775 646 818 Sic
664 776 754 818 Par.
776 783 816 818 2.
865 776 1094 816 erudiendas
1122 776 1216 814 I’ar.
1250 780 1287 814 1.
1317 780 1356 816 6.
1383 775 1511 820 Amb.
1531 786 1573 822 2.

131 841 350 895 [mensuris
378 860 428 884 ac
462 843 584 884 lineis.
640 843 822 884 Tantum
853 843 1068 880 verborum
1105 855 1202 894 opus
1229 844 1329 893 fujt,
1377 854 1422 885 ut
1447 861 1574 899 genus

108 911 338 950 hominum
358 911 669 961 significaretur,
701 907 810 962 quod
830 923 902 947 nos
920 923 1030 947 nunc
1045 939 1056 959 ‚
1095 908 1192 949 huie
1214 911 1379 963 quidem
1398 916 1456 952 rei
1471 917 1573 966 justo

122 980 213 1031 plus
232 979 449 1016 tribuentes
465 1007 475 1025 ‚
517 978 673 1015 soloeco
696 977 889 1016 vocabulo
912 977 1082 1029 copistas
1103 979 1338 1027 vocamuS.]

237 1048 273 1097 §.
305 1048 344 1084 8.
404 1041 523 1081 Nihil
541 1054 678 1083 autem.
718 1042 787 1083 Sic
816 1041 906 1083 Par.
934 1049 971 1083 1.
995 1048 1036 1083 2.
1059 1046 1096 1082 6.
1128 1041 1253 1083 Amb.
1277 1050 1317 1085 2.

237 1115 272 1164 §.
306 1116 344 1152 9.
405 1120 601 1165 appetunt.
653 1110 743 1151 Par.
776 1113 813 1151 1.
841 1115 882 1152 2.
919 1108 1044 1150 Amb.
1079 1115 1120 1152 2.
1162 1122 1354 1167 appetent.
1412 1113 1503 1157 Par.
1536 1121 1575 1158 6.

127 1188 358 1233 appeterent.

240 1247 275 1297 §.
312 1251 377 1286 10.
437 1248 503 1300 qui
532 1248 629 1298 agit.
679 1244 817 1285 Etiam
844 1245 972 1285 Amb.
1004 1251 1045 1286 2.
1077 1249 1226 1287 omittit
1253 1251 1351 1301 agit.
1449 1253 1578 1306 utiquc

126 1312 361 1352 discrimine.
403 1312 470 1353 Sic
492 1312 581 1353 Par.
601 1318 641 1353 2.
663 1327 740 1352 sec.
764 1328 839 1361 1n.,
880 1313 950 1352 sed
975 1312 1066 1353 Par.
1097 1318 1134 1354 1.
1160 1318 1197 1354 6.
1219 1329 1298 1354 om.
1320 1319 1463 1370 utique.

242 1382 278 1432 ξ.
313 1385 378 1420 12.
440 1380 706 1434 [Emendatio
737 1379 1026 1433 Spaldingiana
1055 1396 1150 1421 omn
1171 1383 1287 1421 facile
1309 1386 1473 1424 cuilibet
1495 1400 1581 1426 sese

127 1449 406 1500 commendet,
457 1458 546 1488 trun
593 1463 679 1487 non
726 1449 1018 1499 omittendum,
1067 1450 1113 1487 in
1154 1450 1340 1489 codicum
1385 1455 1580 1505 scriptura

128 1532 241 1570 quam
280 1518 409 1555 inesse
447 1517 575 1555 videri
612 1518 793 1571 quoniam
825 1519 958 1570 potIus
996 1529 1120 1571 quam
1149 1519 1259 1571 quia.
1327 1515 1396 1558 Sic
1424 1525 1583 1573 putavit

127 1580 398 1623 Frotscherus.
415 1582 430 1635 ]

243 1652 277 1702 §.
313 1656 378 1691 13.
440 1649 626 1704 legerunt.
672 1648 740 1690 Sic
758 1649 850 1690 Par.
875 1656 912 1690 1.
937 1655 975 1690 6.
1026 1649 1220 1704 elegerunt
1247 1649 1338 1692 Par.
1368 1658 1410 1694 2.

241 1720 277 1768 §.
309 1720 376 1758 14.
435 1720 641 1758 imitemur.
677 1717 804 1757 Amb.
830 1722 869 1757 2.
894 1719 1083 1758 imitetur.
1173 1721 1451 1773 concupierint.
1489 1721 1580 1766 Par,

132 1792 169 1826 1.
194 1791 233 1826 2.
255 1790 293 1825 6.
324 1787 610 1839 concupierunt.
706 1786 823 1825 Tum.
873 1782 941 1825 Sic
963 1785 1054 1825 Par.
1083 1791 1122 1826 1.
1146 1790 1183 1825 6.
1206 1784 1336 1828 Aan.
1358 1792 1398 1828 2.
1447 1788 1586 1831 deinde

128 1853 219 1894 Par.
242 1857 281 1892 2.
370 1855 445 1902 sit,
478 1852 532 1891 iul
552 1851 669 1905 quod.
721 1850 812 1892 Par.
836 1857 874 1892 1.
898 1858 937 1892 2.
963 1857 1002 1893 6.
1027 1868 1107 1893 om.
1140 1852 1205 1893 acl.
1293 1869 1378 1895 nos,
1419 1856 1512 1899 Par.
1541 1865 1583 1900 2.

129 1934 210 1961 sec.
230 1936 286 1960 111.
308 1920 431 1959 nobis.
472 1919 597 1958 Amb.
621 1924 662 1959 2.
694 1928 739 1959 ut
765 1919 974 1973 Spalding.
1570 1962 1574 1965 ,

246 1989 284 2038 §.
318 1992 385 2028 15.
444 1986 590 2027 dicunt.
659 1984 728 2026 Sic
768 1984 859 2025 Par.
897 1991 937 2027 2.
968 2002 1048 2029 sec.
1078 2002 1133 2026 m.
1186 1986 1322 2028 dicant
1358 1988 1446 2030 Par.
1477 1997 1515 2033 1.
1546 1997 1586 2034 6.

131 2055 257 2097 Amb.
280 2060 320 2096 2.
1193 2096 1195 2099 ι

247 2124 284 2174 §.
318 2126 385 2162 16.
443 2123 637 2172 imitatio,
667 2121 773 2161 verb.
815 2119 884 2161 Sic
903 2120 995 2162 Par.
1022 2126 1058 2161 1.
1077 2127 1116 2162 2.
1139 2126 1177 2162 3.
1251 2122 1331 2177 [A.
1353 2122 1400 2165 F.
1427 2123 1588 2168 Linda-

133 2193 222 2232 vius
257 2193 302 2229 in
340 2198 633 2243 programmate
673 2189 832 2229 scholae
875 2188 1108 2230 Oelsnensis
1141 2194 1248 2231 1829
1284 2206 1376 2244 pag.
1410 2198 1434 2234 8
1477 2197 1588 2250 quod

136 2267 358 2311 opportune
377 2257 480 2295 mihi
499 2257 679 2296 redditur
698 2256 775 2296 hoc
795 2260 880 2310 ipso
904 2258 967 2296 die
996 2273 1073 2312 quo
1102 2259 1345 2312 typographi
1364 2276 1519 2301 manum
1540 2262 1588 2301 cle

136 2325 272 2366 tabula
293 2328 534 2374 inclamant,
572 2327 615 2363 in
640 2340 779 2364 eorum
805 2338 908 2379 quae
939 2335 1237 2379 opponerentur
1256 2329 1410 2366 ratione
1434 2331 1589 2384 aliquid

136 2397 343 2434 turbatmn
393 2407 474 2431 esse
522 2401 654 2443 ratus,
704 2393 960 2432 scribendmn
1002 2396 1155 2433 censuit
1196 2393 1308 2433 laetis
1335 2395 1586 2449 -exultantes‚

139 2463 365 2516 compositis
397 2463 586 2514 corrupti.
644 2457 767 2510 Quod
797 2464 977 2514 quamvis
1005 2465 1135 2514 primo
1167 2471 1328 2515 aspectu
1345 2463 1587 2516 blandiatur,

140 2529 388 2581 redarguitur
403 2536 540 2567 tamen
562 2530 768 2580 explorato
786 2537 968 2567 veterum
986 2531 1265 2581 magistrorum
1285 2544 1361 2569 usu
1375 2532 1589 2571 verborum

77 2619 84 2625 ·
143 2597 257 2650 quasi
293 2595 493 2636 technico.
561 2592 668 2634 Nam
706 2593 855 2634 saltare
883 2603 923 2635 et
948 2594 1133 2635 exultare
1171 2598 1298 2636 oratio
1333 2611 1421 2636 non
1446 2598 1592 2644 dicitur

993 2658 1132 2704 Dd2
