1721 2974
386 204 456 245 -azl
487 204 648 258 Quintil.
677 204 803 244 Ins-tit.
834 203 867 256 Ϊ,
900 208 964 245 lo.
995 206 1257 257 §.18—28.
1503 209 1551 244 61

117 320 158 355 in
201 320 466 370 carminibus,
517 320 686 357 eandem
723 320 764 357 in
805 320 1045 357 orationibus
1083 318 1392 371 compositionem
1423 318 1558 369 divin]

199 385 303 424 N'mn
337 389 390 439 ig.
422 403 510 425 reon.
571 386 637 426 Sic
668 390 817 439 primus
849 386 952 424 edid.
984 384 1133 424 Badius
1164 400 1185 423 e
1207 384 1415 435 Vallensig
1446 389 1557 437 prio-

116 469 175 492 res
206 457 350 506 partim
383 469 457 492 non
487 457 613 492 omitt.
646 454 719 508 <ut
750 453 886 506 (sams).
919 452 1028 493 Jens.
1059 450 1212 507 Loc.),
1241 455 1385 505 partim
1408 453 1557 492 habent

115 536 190 559 non
222 523 307 573 igit.
338 521 453 568 hacc,
503 529 547 559 nt
575 519 695 561 Tarv.
726 520 834 560 Veu.
864 519 962 560 Ald-

229 590 262 641 ᾗ.
290 593 358 629 23.
416 604 692 641 supervacuum
723 599 776 626 cst
811 587 947 628 Turio.
978 585 1085 626 Flor.
1115 586 1228 628 Ahn.
1261 586 1400 640 Camp.
1429 585 1556 627 Amb.

117 660 155 694 1.
185 652 284 709 (qui
310 665 434 708 praet.
465 670 544 694 om.
577 655 670 708 est).
731 655 864 709 [quod
893 658 1021 708 placet
1049 670 1124 694 nec
1153 659 1254 708 sapit
1281 664 1554 704 correctorem,

112 723 383 776 supplendum
420 725 554 763 enim:
605 737 695 762 eam
733 723 923 775 exigere.]
1032 725 1072 762 in
1106 726 1276 763 musicen
1309 722 1418 763 Flor.
1449 738 1470 761 o
1495 738 1556 775 pr.

111 806 166 830 m.
196 790 321 830 Amb.
348 795 388 830 1.

226 857 488 911 [Compositio
517 871 599 896 non
630 865 758 910 potest
785 872 868 896 non
898 857 942 897 h.
975 860 1003 898 l.
1035 858 1187 898 dlversa
1217 871 1298 897 esse
1319 871 1342 896 a
1363 866 1558 896 structura

113 935 152 965 et
191 928 444 978 copulatione
479 927 714 971 verborum,
764 925 812 963 de
851 940 927 979 qua
972 927 1091 965 modo
1132 927 1298 966 dixerat.
1365 925 1419 965 Et
1457 926 1558 966 haec

111 994 276 1048 quidem
305 1000 417 1032 cavet
444 1007 496 1030 ne
529 993 624 1045 quid
656 994 851 1030 absonum
882 1003 920 1032 et
949 994 1064 1032 hians
1093 997 1137 1032 in
1167 996 1341 1033 oratione
1371 998 1445 1045 sit,
1485 997 1558 1033 illa

112 1063 338 1114 compositio
368 1068 479 1098 curat
506 1068 550 1097 ut
578 1061 789 1111 longarum
824 1063 1086 1115 breviumque
1114 1064 1357 1115 syllabarum
1389 1063 1439 1101 ad
1466 1077 1559 1101 mo·-

111 1129 260 1168 vendos
302 1129 464 1166 affectus
499 1127 645 1165 idonea
683 1130 750 1166 fiat
791 1131 1013 1168 collocatio.
1082 1128 1148 1168 Sic
1179 1130 1335 1168 videtur
1362 1132 1559 1170 removeri

109 1211 222 1248 posse
252 1195 546 1248 interpretando
578 1195 685 1247 quod
715 1194 996 1248 Spaldiugiulu
1031 1194 1242 1249 offendit.]

225 1265 258 1316 ᾗ.
292 1263 361 1303 24.
416 1261 565 1315 grandi
593 1261 697 1301 clam.
726 1261 852 1302 Amb.
883 1268 921 1302 ’1.

225 1332 258 1383 ξ.
291 1333 359 1369 25.
418 1329 502 1368 alia
537 1345 683 1384 qnoque
722 1340 755 1367 et
796 1328 918 1369 Goth.
953 1329 1088 1370 Guelf.
1120 1330 1238 1370 *Voss-
1260 1337 1300 1371 2.
1341 1348 1434 1371 cum
1464 1334 1559 1374 edd.

110 1407 205 1437 vett.
235 1399 430 1450 pluribus.
547 1396 819 1435 collocationis
859 1396 995 1436 Turio.
1038 1413 1059 1436 a
1085 1413 1163 1437 sec.
1193 1413 1249 1437 m.
1278 1397 1399 1440 Bodl.
1429 1399 1559 1442 Amb.

109 1471 149 1506 2.
182 1464 322 1516 Camp.
431 1463 578 1517 judicis
618 1463 754 1503 Turio.
794 1463 903 1503 Flor.
946 1463 1086 1518 Camp.
1122 1464 1248 1504 Aan.
1281 1470 1319 1505 1.
1376 1468 1560 1507 modula-

108 1536 249 1572 tionem
273 1530 359 1585 jud.
387 1529 513 1570 Aan.
538 1535 576 1570 1.
610 1546 632 1570 a
654 1546 713 1584 pr.
737 1546 792 1570 m.
808 1563 818 1582 ‚
850 1534 960 1571 facili
984 1548 1128 1573 errore.
1242 1535 1412 1574 animum
1432 1533 1559 1577 Goth.

107 1600 284 1641 Vossffi’..
319 1597 454 1639 Guelf.
571 1599 776 1638 adversum
821 1597 956 1639 Guelf.
988 1599 1137 1640 Baliol.

221 1670 253 1721 ξ.
286 1672 355 1707 26.
415 1683 526 1721 quoq.
565 1678 676 1706 octus
714 1677 749 1705 et
791 1666 873 1707 dcc.
913 1679 1006 1707 moi.
1047 1667 1185 1707 Tufic.
1220 1666 1329 1709 Flor.
1359 1666 1485 1710 Aan.
1516 1675 1557 1713 1.

105 1734 303 1789 Argent.,
356 1743 395 1773 et
433 1749 484 1773 ex
523 1749 569 1773 eo
612 1733 737 1784 Obr.‚
783 1737 862 1773 nisi
902 1736 1009 1789 quod
1046 1747 1178 1790 apium
1208 1736 1296 1787 dat,
1346 1746 1391 1777 ut
1418 1741 1557 1792 vulgo.

190 1815 224 1842 et
251 1806 328 1842 ins.
360 1805 481 1859 etiam
510 1801 634 1843 Paris.
656 1807 696 1842 2.
722 1805 761 1842 5.
790 1801 898 1843 Flor.
918 1802 1044 1844 Amb.
1058 1810 1099 1845 2.
1130 1803 1253 1845 Tarv.
1275 1803 1386 1847 Ven.
1500 1818 1555 1846 est

106 1872 195 1912 nob.
223 1869 351 1911 Aan.
380 1874 419 1910 1.

220 1940 253 1991 ᾗ.
284 1942 354 1978 27.
412 1937 503 1990 Age
531 1926 569 1976 si'
598 1936 689 1977 hab.
746 1937 839 1991 Age
867 1955 942 1978 non
972 1938 1063 1979 hab.
1093 1939 1231 1980 Turic.
1261 1956 1321 1994 pr.
1352 1955 1408 1981 m.
1438 1939 1556 1983 Alm.

106 2004 215 2046 Flor.
255 2003 380 2044 Amb.
415 2010 454 2045 1.
523 2005 708 2057 Agedum
748 2022 823 2045 ηοη
866 2006 904 2045 h.
946 2005 1070 2048 Goth.
1109 2008 1228 2048 Voss.
1258 2015 1298 2049 2.
1367 2009 1556 2061 agendus,

108 2073 199 2113 hab.
233 2070 369 2112 Guelf.
399 2069 524 2111 Amb.
546 2078 587 2111 2.
617 2075 763 2112 similia
785 2075 881 2112 dant
909 2073 1028 2114 Voss.
1052 2080 1091 2115 3.
1121 2075 1246 2116 Bern.
1305 2075 1436 2128 [Num
1467 2066 1556 2130 (juis

107 2155 277 2195 usquam
313 2141 415 2177 liber
453 2142 616 2191 scriptus
656 2142 691 2178 si
727 2156 798 2193 pro
838 2157 914 2180 non
951 2142 1120 2192 habeat,
1166 2152 1432 2182 memoratum
1469 2158 1557 2182 non

106 2210 286 2247 invenIO.
343 2205 488 2245 Tutius
517 2209 657 2258 igitur,
703 2208 888 2247 codicum
916 2212 1150 2261 scripturam
1178 2213 1382 2248 restituere
1421 2220 1459 2249 et
1486 2213 1555 2249 in-

68 2320 75 2328 .
104 2277 414 2327 terrogationem
445 2274 694 2326 agnoscere.]
807 2285 849 2313 ut
878 2285 1099 2328 opportune
1129 2280 1255 2316 omitt.
1285 2275 1410 2317 Amb.
1437 2282 1476 2317 1.

106 2344 290 2382 zonarion
329 2345 449 2380 etiam
484 2340 591 2380 Flor.
633 2340 758 2381 Aan.
784 2347 821 2382 1.
842 2348 882 2382 2.
915 2352 953 2381 et
982 2343 1071 2382 edd.
1104 2352 1193 2382 ante
1225 2341 1381 2397 Gryph.
1440 2345 1554 2397 [Hoo

107 2411 157 2450 de
189 2408 362 2450 Gracchi
390 2411 520 2448 fistula
547 2412 674 2464 tangit
703 2412 822 2448 etiam
848 2408 1089 2449 AJmnianus
1116 2409 1296 2450 Marcell.
1327 2409 1480 2462 XXX,
1507 2414 1552 2453 4.

106 2477 277 2530 Spald.]
385 2477 628 2516 monstrabat
659 2476 797 2516 Tul-ic.
826 2476 935 2516 Flor.
966 2476 1087 2517 Bodl.
1116 2476 1230 2518 Alm.
1255 2477 1392 2532 Camp.
1415 2477 1551 2520 Andr.

105 2545 215 2600 quod
240 2559 333 2583 sane
362 2547 490 2597 aptius
518 2545 675 2583 videtur
706 2559 787 2583 esse
818 2545 869 2583 ad
898 2548 1094 2584 rationem
1120 2543 1364 2586 Latinitatis.

219 2613 252 2666 ᾗ.
283 2617 351 2652 28.
409 2611 527 2651 Haec
556 2614 670 2650 ctiam
701 2628 797 2651 cur-a
825 2614 860 2650 εἰ
887 2611 1024 2652 Turio.
1055 2628 1076 2651 a
1105 2628 1181 2654 sec.
1215 2628 1270 2654 m.
1304 2612 1424 2654 Bodl.
1455 2613 1548 2654 Bal.

106 2677 210 2720 Obr.
237 2677 378 2735 Camp.
406 2679 530 2723 Paris.
555 2684 594 2720 1.
651 2678 768 2721 Haec
800 2683 836 2721 ci
863 2690 896 2720 ci
928 2697 1024 2722 cura
1051 2678 1159 2724 Flor.
1189 2679 1258 2737 (ut
1274 2697 1325 2725 ex
1343 2680 1550 2735 Poggiano
