1695 2974
1400 185 1508 220 xvu

67 301 167 345 que
207 284 453 328 doctoribus
489 283 568 325 hoc
606 297 698 325 esse
728 295 858 325 curae
888 283 1037 332 velc'm‚·
1090 283 1216 324 etiam
1246 280 1320 324 lib.
1352 282 1371 325 Ι
1403 294 1510 327 extr.

66 366 191 408 dedit
230 370 340 408 enim
379 363 456 405 hoc
504 375 713 419 quoqne
756 360 1038 418 providentia
1076 359 1314 403 hominibus
1351 376 1510 406 munus.

65 444 229 486 Verum
266 441 506 484 continebis
545 450 686 483 tamen
717 454 957 491 assensum,
1018 441 1055 480 si
1088 438 1184 481 aliis
1215 455 1378 497 quoque
1408 440 1513 484 locis

65 521 100 574 Ι,
132 525 208 573 12,
242 525 294 563 10
322 529 364 562 et
392 519 451 571 V,
484 524 533 571 5,
568 524 588 561 1
619 522 664 561 in
694 521 843 562 eodem
869 517 979 559 libro
1008 518 1187 559 eandem
1217 533 1367 560 vocem
1395 535 1515 576 pror-

63 614 137 642 sus
179 608 337 641 temere
376 600 474 641 addi
516 599 686 640 videris.
775 598 907 641 Porro
945 597 990 636 in
1038 597 1281 637 universum
1327 602 1517 641 censenti

65 681 225 734 primae
266 670 414 720 classis
453 676 556 719 libri
593 676 723 718 alieni
762 676 957 716 videntur
988 688 1081 715 esse
1110 688 1136 715 a
1164 677 1513 729 correctionibus,

66 770 170 812 quas
201 757 290 804 fere
321 756 461 797 dicere
490 758 535 797 in
566 765 655 796 arte
685 757 831 797 critica
860 751 1060 803 solemus,
1090 752 1134 794 id
1161 761 1226 794 est
1245 752 1516 798 librariorum

66 834 372 878 mutationibus
412 834 465 876 ad
510 834 651 876 levem
690 831 1072 875 verisimilitudinis
1109 830 1179 872 vel
1218 836 1515 886 grammaticae

67 915 390 955 convenientiae
431 916 615 969 speciem
659 912 876 954 institutis.
962 909 1021 951 At
1056 909 1222 952 videbis
1265 920 1404 954 tamen
1443 928 1516 956 eos

66 991 182 1034 haud
208 994 268 1033 ita
297 1007 394 1034 raro
424 988 498 1033 aut
527 1006 688 1042 omnes,
722 999 793 1032 aut
823 1003 954 1030 unum
983 997 1025 1029 et
1045 987 1224 1031 alterum
1246 992 1304 1031 ita
1323 1005 1515 1046 peccare,

67 1080 115 1113 ut
142 1069 385 1127 proximum
414 1070 591 1112 verbum
622 1071 675 1111 ad
690 1084 834 1111 casum
864 1067 1154 1123 praecedentis
1184 1072 1516 1122 accommodent,

65 1152 175 1192 sicut
203 1163 243 1190 v·
263 1164 298 1190 c.
328 1151 370 1190 in
405 1148 551 1189 Turic.
582 1148 696 1190 Flor.
729 1147 841 1190 Alm.
872 1145 945 1187 lib.
977 1144 1055 1196 ΙΙΙ,
1080 1150 1120 1197 6,
1144 1151 1195 1188 12
1224 1157 1289 1189 est
1316 1152 1524 1192 intes-tali

69 1228 262 1279 heredis,
302 1242 397 1268 cum
438 1242 532 1268 esse
573 1227 726 1268 debeat
750 1229 956 1267 intestati
982 1223 1128 1274 heres,
1176 1233 1220 1265 et
1250 1225 1359 1277 VII,
1390 1232 1437 1278 1,
1465 1232 1517 1270 58

68 1309 114 1348 in
142 1305 288 1348 Turic.
307 1305 419 1347 Alm.
451 1308 560 1346 sicut
585 1306 630 1346 in
660 1303 800 1345 Guelf.
830 1308 1036 1345 rusticum
1065 1307 1334 1344 innocentem
1360 1319 1437 1359 pro
1467 1320 1518 1347 eo

70 1385 182 1441 quod
213 1393 278 1425 est
305 1388 510 1425 rusticum
533 1386 770 1423 innocenti.
840 1380 1035 1437 Cumque
1065 1379 1159 1422 laus
1190 1383 1444 1437 integritatis
1473 1386 1518 1426 in

69 1462 216 1504 Tui-ic.
240 1471 281 1503 et
297 1461 414 1503 Flor.
439 1461 583 1502 codice
604 1473 689 1500 non
708 1460 916 1514 pertineat
945 1462 1027 1501 nisi
1058 1462 1111 1502 ad
1140 1461 1317 1516 primam
1347 1476 1519 1504 manum

69 1555 254 1591 eorum,
279 1541 440 1595 negari
481 1549 621 1580 tamen
661 1552 744 1578 non
785 1547 947 1593 potest,
999 1537 1133 1578 altera
1172 1553 1324 1593 manu,
1377 1556 1521 1596 quam-

70 1623 136 1661 vis
182 1634 232 1660 ea
271 1619 362 1659 fere
403 1619 456 1659 ad
506 1616 679 1658 alterius
730 1614 878 1658 classis
924 1614 1056 1657 libros
1096 1615 1295 1670 inclinet,
1351 1630 1521 1675 peccata

71 1700 373 1753 nonnunquam
402 1697 638 1738 rectissime
669 1696 899 1746 emendari,
930 1694 1000 1735 vel
1029 1697 1156 1737 etiam
1186 1697 1240 1737 ad
1268 1696 1397 1739 fidem
1415 1699 1522 1740 Am-

71 1778 261 1819 b‘rosiani
289 1775 323 1816 l*
341 1775 575 1815 reformari.
636 1773 753 1823 Quid
783 1775 913 1829 igitur
927 1774 944 1815 2
1003 1773 1118 1816 Num
1159 1776 1204 1817 id
1243 1778 1433 1832 agimus,
1474 1788 1521 1820 ut

73 1852 359 1896 convellamus
408 1868 602 1904 rursum,
653 1865 759 1908 quae
801 1851 925 1908 paulo
965 1862 1061 1895 ante
1106 1853 1228 1897 nobis
1265 1865 1379 1896 recte
1421 1872 1521 1898 con·

72 1934 280 1974 struxisse
319 1931 595 1979 videbamur-¹3>
668 1930 848 1972 Minime
886 1945 1001 1972 vero.
1081 1931 1165 1973 Sed
1209 1947 1358 1974 cavere
1399 1924 1552 1976 volu--

72 2024 191 2060 mus,
235 2023 288 2050 ne
320 2011 414 2065 quis
438 1991 657 2065 perspecta
699 2011 891 2051 codicum
927 2011 1129 2051 universa
1156 2013 1320 2053 ratione
1354 2028 1524 2055 omnem

73 2102 164 2129 rem
199 2089 290 2141 jam
332 2089 403 2129 ada
433 2103 582 2130 manus
630 2090 791 2131 redisse
838 2098 980 2144 putet,
1034 2091 1144 2131 sicut
1190 2105 1322 2146 nuper
1371 2090 1523 2148 aliquis

74 2167 222 2208 nescio
263 2175 404 2207 utrum
444 2168 574 2208 risum
604 2177 800 2222 captans,
848 2181 902 2208 an
932 2169 1142 2222 opinionis
1186 2182 1329 2208 errore
1375 2183 1526 2210 revera

76 2244 302 2286 arbitratus
342 2254 418 2286 est.
477 2243 588 2286 Nam
631 2247 797 2296 critice,
850 2259 942 2286 cum
977 2261 1130 2288 nomen
1162 2248 1371 2301 acceperit
1400 2261 1425 2288 a
1451 2249 1525 2302 ju-

75 2323 278 2374 dicando,
326 2325 536 2378 judicium
576 2339 789 2379 nunquam
826 2339 911 2365 non
951 2339 976 2364 a
1014 2339 1059 2366 se
1090 2323 1279 2366 alienum
1312 2324 1523 2367 censebit:

76 2415 223 2443 verum
258 2417 309 2443 eo
350 2404 421 2458 qui
460 2412 634 2443 naturae
674 2404 779 2444 vitio
810 2418 894 2444 non
926 2403 1092 2459 egebit,
1138 2401 1266 2445 facile
1296 2403 1523 2461 intelliget,

77 2495 158 2536 quo
198 2479 304 2522 tales
345 2481 662 2523 observationes
702 2483 939 2538 pertineant
978 2491 1019 2522 et
1059 2491 1265 2537 quatenus
1304 2485 1400 2524 usui
1431 2497 1524 2524 esse

78 2560 105 2601 d
134 2618 136 2620 V
163 2568 272 2600 eant.

107 2558 168 2710 ξ
1143 2651 1219 2679 Η

123 2708 144 2725 *r

120 2726 134 2735 ι.

90 2764 118 2782 [οἱ
