1721 2974
167 148 248 187 342
608 146 879 201 Supplemenia
908 146 1170 185 annotationis

172 269 208 298 ie
226 274 314 299 non.
359 258 467 300 Jens.
489 266 528 299 et
547 259 637 299 edd.
661 267 751 297 ante
771 256 884 296 Sich.
906 273 983 296 non
1002 267 1047 296 te.
1146 272 1233 296 cum
1253 256 1306 295 acl
1327 255 1486 311 reliqua.
1538 255 1606 298 Sic

172 327 293 365 etiam
325 325 434 366 Flor.
549 325 799 379 respondet-el.
845 323 970 364 Amb.
1001 329 1039 364 1.
1068 338 1091 362 a
1120 339 1179 376 pr.
1201 339 1255 363 m.
1288 334 1496 378 reponeret.

174 393 333 433 comedi.
378 393 514 433 Turic.
539 392 737 432 commccli.
855 392 1011 432 Passer.
1063 390 1130 431 Sic
1156 394 1277 430 etiam
1296 389 1419 431 Amb.
1444 396 1481 431 1.
1502 385 1612 431 Flor:

171 459 260 500 Par.
286 466 323 500 1.
342 466 380 501 2.
443 460 682 513 [Spalding.
705 459 755 498 ad
774 461 898 498 finem
915 468 1034 498 notae
1057 474 1169 512 exeg.
1199 459 1299 498 haec
1322 462 1410 498 loca
1432 458 1480 497 de
1501 461 1614 498 cica-

173 526 235 565 dis
255 528 481 580 adscripsit:
514 526 722 579 Aristoph.
745 528 854 566 Nub.
879 531 986 566 1360
1008 523 1175 580 ὡσπερεὶ
1196 525 1376 579 τέττιγας
1395 523 1614 578 iactam»,-

168 593 272 634 Plat.
285 594 455 634 Phaedr.
468 596 563 643 259,
589 609 621 633 c.
641 591 687 633 τὸ
709 594 897 648 τεττίγων
917 592 1096 648 γένοςῌ-
1114 593 1242 646 μηδὲν
1262 596 1421 648 τροφῆς
1439 594 1614 642 δεῖσθαι,

171 658 263 700 ἀλλ’
299 658 436 700 ἄσιτόν
458 675 499 699 τε
521 659 585 699 καὶ
614 658 765 701 ἄποτον
785 659 943 718 fimeta]
1049 658 1128 701 ὑπὸ
1154 659 1200 701 τὸ
1227 654 1348 713 ἦθος.
1404 660 1472 701 Sic
1495 663 1616 700 etiam

170 726 295 766 Amb.
322 732 358 765 1.
380 725 487 765 Flor.
576 738 732 768 vocant.
776 729 863 769 Est.
921 728 1029 769 Flor.
1052 739 1267 769 vocantem.

285 828 321 877 §.
351 828 418 868 94.
473 829 600 881 jocus,
651 827 775 868 Amb.
800 835 837 870 1.
869 832 990 869 etiam
1012 829 1134 870 locus.
1221 827 1454 882 exprobrat.
1493 824 1616 867 Amb.

175 898 211 933 1.
235 893 370 934 Turio.
393 894 502 935 Flor.
527 893 661 936 Guelf.
688 895 826 950 Camp.
849 898 1059 952 exprobat.
1166 895 1281 936 ridie.
1306 905 1377 934 est.
1422 893 1549 934 Aan.
1579 899 1616 934 1.

172 965 319 1001 omittit
343 973 412 1002 cst.
499 962 704 1004 diceretur.
754 967 889 1004 Etiam
916 962 1038 1004 Amb.
1068 969 1105 1004 1.
1138 962 1246 1002 Flor.
1280 961 1436 1001 diceret.
1494 961 1618 1002 Porro

171 1037 341 1083 uterque
365 1030 556 1069 urbanum
576 1047 652 1070 non
673 1042 771 1071 erat.
871 1034 1066 1086 quoniam.
1110 1029 1233 1071 Goth.
1257 1029 1424 1083 quando.
1528 1032 1618 1084 ipsi..

172 1094 311 1149 Camp.
336 1099 475 1151 ipsum.
563 1099 843 1152 exprobratur.
892 1098 999 1139 Flor.
1022 1097 1162 1150 Camp.
1183 1098 1444 1151 emprobatur.
1504 1098 1621 1150 [Lo-

173 1177 266 1201 cum
298 1173 531 1217 corruptum
560 1181 640 1204 esse
670 1166 771 1204 vidit
792 1154 895 1205 imus
921 1165 1202 1218 Spahliugius,
1241 1172 1279 1202 et
1297 1164 1489 1203 excidisse
1508 1179 1621 1204 com-

172 1232 287 1281 plura
307 1235 429 1270 verba
447 1235 616 1285 putavit.
675 1231 782 1271 Mihi
807 1234 1087 1285 corrigendum
1119 1232 1296 1281 videtur,
1334 1233 1388 1270 sic
1408 1233 1514 1271 fere:
1552 1231 1622 1270 In-

172 1300 285 1335 terim
315 1297 361 1336 cle
388 1311 589 1353 praesente
616 1299 744 1339 (licere
774 1300 982 1340 ridiculum
1010 1309 1087 1347 est,
1120 1310 1163 1336 'ct
1195 1297 1296 1352 quod
1315 1299 1356 1336 in
1375 1299 1565 1337 absentem
1585 1302 1624 1338 si

174 1362 386 1416 diceretur,
423 1367 612 1406 urbanum
633 1384 708 1407 non
731 1379 812 1406 erat
823 1398 834 1417 ,
875 1369 1057 1423 quoniam
1080 1367 1158 1420 ipsi
1184 1364 1321 1420 palam
1344 1365 1621 1419 exprobratur,

174 1443 298 1471 movet
321 1433 476 1485 risum]

288 1535 327 1585 §.
361 1538 428 1575 95.
483 1534 669 1589 Augusti.
720 1535 862 1590 Camp.
888 1535 1105 1588 Augustus.
1194 1533 1447 1574 Marcianus.
1495 1530 1622 1573 Amb.

177 1603 212 1638 1.
244 1615 466 1641 marcanus.
594 1605 675 1657 inq.
691 1602 789 1659 fac.
845 1602 986 1656 Camp.
1001 1601 1042 1659 f
1064 1605 1092 1643 i.
1211 1617 1329 1656 quam
1348 1599 1464 1655 quod.
1515 1599 1622 1641 Flor.

175 1681 424 1722 quamquam.
479 1668 618 1722 Camp.
646 1686 760 1723 quam
782 1686 892 1724 quae.

291 1769 328 1819 §.
364 1773 428 1810 96.
481 1772 614 1824 positi.
655 1769 763 1809 Flor.
780 1772 934 1824 positis.
1041 1771 1127 1808 toti.
1174 1767 1282 1806 Flor.
1312 1769 1432 1806 etiam
1451 1777 1508 1806 tot
1535 1783 1625 1806 cum

175 1833 303 1875 Amb.
336 1841 374 1876 1.
391 1868 401 1887 ,
455 1840 526 1891 qui
554 1840 598 1875 in
625 1852 750 1890 marg.
784 1838 895 1876 addit
924 1853 989 1875 seu
1014 1835 1164 1887 plures.
1191 1865 1193 1867 -
1278 1833 1373 1872 adeo
1388 1833 1523 1888 facile
1556 1846 1624 1874 est.

178 1900 282 1942 Flor.
311 1903 364 1942 ad
386 1920 448 1943 eos
455 1903 551 1959 fac.
575 1921 665 1943 usus
687 1915 755 1944 est.
855 1904 1123 1942 tetrastichon.
1172 1901 1296 1942 Amb.
1324 1906 1360 1940 1.
1382 1904 1627 1940 tetrasticon.

180 1969 417 2024 [Spalding.
451 1972 500 2010 ad
527 1981 667 2010 notam
695 1981 848 2024 exeget.
887 1985 1002 2010 suam
1032 1971 1080 2008 de
1113 1970 1263 2009 Dffacro
1293 1973 1411 2022 poeta
1437 1966 1628 2007 Vossium

176 2039 314 2077 laudat
333 2041 497 2091 praefat.
520 2040 570 2077 ad
593 2038 745 2078 Tibull.
760 2055 800 2091 p.
815 2036 894 2088 XI,
917 2039 1088 2077 diversos
1109 2040 1198 2077 illos
1219 2035 1372 2076 Macros
1393 2036 1512 2073 fuisse
1532 2037 1630 2074 locIs

180 2103 392 2145 Ovidianis
413 2106 685 2159 probantem]
781 2108 854 2161 fit.
904 2103 1038 2145 Guelf.
1063 2106 1130 2143 sit.
1246 2101 1438 2142 conditur.
1491 2100 1628 2142 Turio.

180 2185 203 2209 a
223 2187 283 2224 pr.
306 2188 358 2211 m.
389 2173 497 2213 Flor.
530 2173 721 2213 conditus.
819 2172 1040 2212 Marcium.
1089 2170 1216 2212 Amb.
1246 2175 1284 2210 1.
1309 2169 1474 2207 let-tium.
1520 2167 1630 2209 Flor.

179 2237 272 2278 Par.
297 2245 335 2279 1.
371 2255 530 2294 quoque
559 2243 723 2280 arcium.
839 2239 1043 2279 hominem.
1089 2239 1201 2279 'Flor.
1224 2240 1345 2276 etiam
1378 2237 1541 2275 nomine.

181 2306 277 2345 Nisi
299 2323 388 2361 qua.
439 2306 562 2347 Amb.
588 2313 625 2347 1.
645 2310 760 2346 inser.
782 2309 829 2346 si.
880 2306 1017 2347 Turio.
1051 2322 1073 2345 a
1090 2322 1167 2346 sec.
1187 2320 1243 2344 m.
1265 2302 1405 2355 Camp.
1431 2305 1508 2341 nisi
1525 2305 1628 2357 quia.

268 2384 352 2412 rate
370 2377 506 2414 evasit.
557 2373 684 2414 Amb.
707 2379 743 2414 1.
777 2373 885 2414 Flor.
918 2389 1079 2428 quoque
1103 2373 1321 2412 intervasit.
1430 2368 1630 2409 Laertius.

182 2439 289 2480 Flor.
315 2456 336 2479 a
354 2457 411 2494 pr.
429 2456 485 2480 m.
511 2440 663 2481 lev-cius.

293 2545 329 2590 ξ.
361 2546 427 2582 97.
487 2553 616 2582 antea.
669 2539 793 2582 Goth.
815 2557 930 2581 αηηο.
1037 2539 1300 2579 stultissimus.
1345 2536 1492 2588 Euris.
1525 2552 1547 2576 a
1567 2553 1626 2590 pr.

182 2621 238 2646 m.
259 2607 502 2649 stultissima.
587 2608 717 2661 Cujus.
751 2608 915 2650 Omittit
936 2607 1043 2648 Flor.
1130 2605 1258 2646 hored.
1279 2616 1346 2644 est.
1388 2605 1491 2645 Flor.
1510 2607 1631 2645 etiam
