1721 2974
151 149 231 186 306
591 139 863 195 Supplemcnm
892 139 1154 177 annotationis

152 265 235 296 nat.
263 256 372 296 deor.
402 257 635 296 auctoritate
672 267 764 292 usus
794 250 975 291 Turnebi
1003 259 1043 290 et
1073 248 1266 290 Lambini
1295 249 1345 289 ad
1376 247 1462 290 Cic.
1492 247 1597 303 Top.

153 341 188 365 c.
222 323 294 375 7.]

267 393 304 444 §.
337 396 404 432 35.
465 389 646 445 quidest.
704 385 794 426 Par.
819 390 858 425 1.
888 400 969 425 om.
1001 396 1070 426 est.
1128 384 1236 426 Flor.
1267 383 1442 439 quidem,
1479 398 1597 424 asec.

152 475 207 500 m.
237 458 416 514 quodque
436 473 506 511 pro
528 471 690 510 quoque.
777 453 871 508 quicl
898 463 955 491 est
975 463 1132 492 natura.
1183 452 1251 493 Sic
1275 455 1396 491 etiam
1413 450 1539 491 Amb.
1561 457 1600 491 1.

233 527 339 581 plur.
360 549 416 556 —-
436 534 504 564 est.
555 521 696 574 Camp.
727 520 840 561 cond.
871 532 925 560 est
951 521 1058 575 plur.
1106 518 1233 561 Amb.
1265 524 1302 559 1.
1327 522 1447 559 etiam
1467 517 1604 559 concli-

152 594 327 636 cendum.
439 592 578 629 minus.
637 588 705 629 Sic
734 592 855 629 etiam
881 587 1007 628 Amb.
1030 594 1069 629 1.
1097 587 1206 628 Flor.
1324 586 1406 628 Cic.
1426 611 1483 618 —
1500 588 1602 640 ipsa.

151 661 273 702 Amb.
305 666 341 700 1.
368 659 474 699 Flor.
511 659 635 697 etiam
666 656 709 697 C.
741 657 837 695 haec
867 659 956 711 ipsa
984 655 1111 707 male,
1160 658 1239 695 nisi
1266 655 1376 710 quod
1402 652 1530 694 Amb.
1565 658 1602 693 1.

150 728 273 769 mala.
334 725 445 766 Sich.
484 723 527 764 C.
560 723 660 763 male
686 727 727 762 in
761 724 836 763 hac
865 726 965 777 ipsa.
1083 723 1244 776 legibus,
1308 721 1446 762 Turio.
1474 720 1603 769 Flor.,

150 806 314 849 uterque
341 809 363 832 a
382 809 439 847 pr.
460 807 535 843 m.,
570 790 743 844 legimus.
858 789 953 831 His.
1000 789 1129 835 Amb.
1154 796 1191 829 1.
1226 789 1305 828 hic.
1404 788 1603 827 habendus

150 862 302 902 modas⁶
349 859 474 900 Amb.
496 865 535 900 1.
557 858 665 899 Flor.
689 861 811 898 etiam
830 857 1027 898 habendus
1048 860 1134 896 istis
1154 856 1303 896 modus.
1373 854 1451 911 [Iu
1478 857 1607 909 praef.

151 928 250 970 Vol.
274 927 316 969 H
332 943 423 982 pag.
448 925 513 967 VI
538 929 593 966 sic
613 927 789 966 ordinari
824 935 982 966 texttun
1009 926 1189 964 debuisse
1211 924 1469 977 Spaldingius
1499 924 1608 975 judi-

150 1006 236 1038 cat:
264 995 306 1036 Is
326 1006 455 1036 tamen
477 995 546 1034 hal
555 994 672 1034 &ndns
695 997 781 1033 istis
804 992 987 1046 modu-su]
1087 994 1179 1033 sint.
1225 989 1351 1034 Goth.
1373 993 1440 1032 sit.

700 1476 882 1522 L113.
964 1474 1062 1520 VI.

511 1627 1246 1672 PROOEMIUM.

265 1743 303 1794 §.
339 1748 375 1782 1.
436 1740 554 1782 Haec
584 1741 785 1782 Marcelle
820 1740 932 1782 Vici.
989 1739 1112 1782 Amb.
1147 1747 1184 1780 1.
1233 1739 1374 1795 Camp.
1415 1742 1512 1783 haec
1539 1743 1609 1784 M.

153 1815 193 1852 V
199 1814 326 1851 iciori.
383 1809 498 1849 Alm.
542 1812 672 1849 omitt.
711 1809 922 1849 Marcelle.
1040 1824 1095 1848 ex
1130 1819 1199 1847 tua
1227 1808 1438 1850 voluntate.
1499 1810 1611 1852 Flor.

152 1878 293 1932 Camp.
328 1893 382 1917 ex
406 1876 485 1916 vol.
507 1887 534 1916 t.
586 1877 692 1917 Jens.
722 1875 823 1916 Loc.
856 1876 966 1916 Ven.
994 1876 1041 1914 cle
1061 1893 1133 1914 sua
1151 1875 1363 1915 voluntate.
1480 1880 1611 1919 etiam,

151 1945 219 1986 Sic
242 1949 364 1985 etiam
395 1943 517 1984 Amb.
545 1949 580 1984 1.
602 1944 711 1984 Flor.
814 1947 1034 1997 respiciens,
1090 1943 1201 1982 Flor.
1231 1958 1394 1998 quoque
1416 1960 1609 2000 respuens.

234 2017 316 2067 qui.
365 2011 500 2052 Etiam
528 2011 654 2051 Amb.
680 2017 716 2051 1.
747 2011 859 2052 Sich.
883 2010 1000 2065 quod.
1057 2009 1149 2050 Par.
1177 2015 1215 2050 1.
1247 2027 1357 2064 quae.
1473 2013 1612 2054 solici-

151 2091 246 2120 iam.
299 2079 426 2120 Amb.
454 2085 490 2120 1.
515 2079 653 2120 Turio.
674 2095 696 2118 a
722 2095 779 2132 pr.
802 2094 858 2118 m.
880 2078 1070 2118 sollicita.
1172 2077 1429 2131 diligentiam.
1478 2079 1608 2123 Amb.

154 2154 192 2188 1.
214 2146 434 2201 diligentia.
516 2147 633 2204 fata.
683 2146 820 2187 Turio.
842 2146 949 2187 Flor,
966 2178 976 2197 ‚
1008 2155 1176 2201 uterque
1201 2161 1223 2185 a
1240 2162 1299 2199 pr.
1321 2161 1378 2187 ln.

267 2218 302 2267 ξ.
332 2221 372 2257 2.
432 2215 505 2256 At.
562 2214 699 2255 Turio.
735 2230 757 2254 a
791 2230 851 2268 pr.
885 2230 941 2254 m.
969 2214 1036 2254 ad.
1152 2231 1260 2253 meae
1286 2213 1445 2254 mor-tal.
1499 2213 1607 2256 Flor.

152 2281 293 2336 Camp.
321 2284 505 2322 ordinem
533 2292 721 2336 mutant&
820 2282 951 2323 Illum.
1008 2281 1136 2323 Amb.
1161 2287 1199 2322 1.
1229 2297 1388 2337 quoque
1408 2281 1521 2323 illud.

152 2361 291 2390 senec-t.
319 2368 398 2406 rep.
445 2350 513 2391 Sic
536 2355 655 2391 etiam
677 2349 803 2390 Amb.
829 2356 866 2390 1.
891 2350 998 2391 Flor.
1021 2349 1176 2391 Cervic.
1263 2351 1433 2404 repetito.
1470 2348 1610 2405 Camp-

153 2421 329 2472 repetita.

267 2489 303 2536 ᾗ.
329 2490 369 2528 3.
428 2486 736 2540 reprobantibus.
779 2486 1255 2541 Turio.repr-obraniibuS.
1283 2484 1464 2525 Amb.1.
1482 2482 1607 2525 Goth.

154 2549 271 2591 Voss.
292 2558 332 2592 2.
356 2553 469 2594 Van.
495 2556 810 2608 repugnantibus.
919 2558 1042 2594 emisi.
1094 2555 1230 2594 Turio.
1261 2552 1369 2593 Flor.
1385 2582 1397 2602 ,
1440 2562 1608 2606 uterque

156 2632 178 2655 a
203 2633 263 2670 pr.
293 2634 372 2668 m.,
412 2622 577 2662 admissi
585 2652 598 2671 ,
647 2639 670 2662 a
699 2638 777 2664 sec.
809 2638 865 2663 m.
897 2638 991 2663 cum
1011 2622 1128 2664 Alm.
1153 2623 1299 2662 amissi.
1349 2620 1459 2662 Jens.
1480 2618 1605 2661 Tarv.
