1721 2974
3 2174 6 2182 .

3 2238 7 2283 1

82 133 136 175 acl
157 133 289 187 Quint.
308 132 407 173 Just.
433 131 488 173 V.
512 133 579 172 Pr.
607 131 643 182 ξ.
668 136 809 172 3-5.
845 136 882 170 1.
904 130 940 180 §.
967 134 1105 170 1-3,
1137 135 1176 170 2.
1201 129 1238 181 §.
1257 113 1396 172 1.—3.
1457 139 1540 176 233

197 250 233 301 §.
264 253 302 287 3.
363 263 462 301 qnae
484 257 548 286 ant
567 262 655 300 pro.
711 244 817 284 Flor.
840 244 930 285 Par.
955 248 992 285 5.
1026 246 1156 283 omitt.
1180 255 1272 297 α1ι1;
1310 244 1420 286 Jens.
1440 246 1540 290 Loc.

83 315 193 356 Ven.
226 319 365 355 iuserr.
390 323 476 367 post
502 314 587 363 his‚·
629 312 781 353 Cervic.
811 311 923 353 Sich.
959 321 1049 350 aute
1083 309 1206 350 Basil.
1236 327 1396 367 quoque
1431 315 1540 357 dant.

85 383 175 424 Par.
199 389 237 424 1.
270 385 406 423 omnia
436 382 537 421 haec
573 390 611 419 et
642 396 810 436 seque-ns
845 381 904 420 his
936 382 1095 419 omittit.
1185 378 1245 418 his
1268 391 1348 420 aut.
1408 380 1541 424 Colin,

86 455 206 491 inser.
237 451 330 491 dici.
446 448 540 488 Non
574 452 687 488 enim.
757 446 881 489 Goth.
914 447 1023 488 Jens.
1064 456 1104 487 et
1133 447 1223 487 edd,
1258 458 1349 487 ante
1384 447 1542 504 Gryph.

87 536 157 559 nec
176 537 233 560 en.
335 520 454 557 viam.
515 515 636 556 Amb.
661 521 698 556 1.
723 523 761 556 2.
787 516 895 556 Flor.
917 516 1007 556 Par.
1034 520 1072 556 1.
1095 521 1134 556 2.
1160 520 1198 556 5.
1226 518 1346 556 etiam
1367 519 1459 559 vim.

86 586 325 627 inveniendo.
386 583 508 626 Amb,
545 590 579 623 1.
612 582 840 623 inveniendi.

673 742 704 783 C
737 758 764 783 A
798 759 836 783 P.
897 742 958 784 II.

204 862 241 914 §.
275 864 310 900 1.
370 857 475 898 Jam.
545 855 669 897 Amb.
704 861 742 896 1.
783 856 873 896 Par.
911 862 948 896 1.
976 862 1015 897 2.
1047 860 1086 898 5.
1115 867 1254 898 tamen.
1311 857 1419 900 Flor.
1451 870 1547 902 tam.

89 927 191 968 ΑΜ.
231 944 335 967 nam.
449 927 510 964 vis
541 927 666 964 omnis
697 925 834 963 fribus.
899 922 1021 964 Amb.
1055 930 1092 965 1.
1132 925 1241 967 Flor.
1275 942 1298 966 a
1326 943 1386 981 pr.
1417 943 1473 968 m.
1505 929 1552 969 cle

90 995 153 1034 Izis
176 996 365 1036 omnibus.
479 994 521 1031 in
536 1009 624 1046 gen.
687 990 820 1032 Guelf.
839 1007 917 1032 om.
938 995 991 1031 in.
1107 1009 1162 1032 ezr
1180 995 1356 1048 paribus.
1411 994 1550 1038 Turic.

89 1062 200 1105 Flor.
225 1063 367 1118 Camp.
388 1072 423 1101 et
440 1062 618 1116 paribus.
673 1059 782 1101 Jens.
803 1058 903 1101 Loc.
925 1060 1036 1101 Ven.
1056 1076 1111 1100 eae
1128 1063 1322 1116 partibus,
1413 1069 1554 1105 rescis-

91 1135 164 1172 sis,
214 1132 352 1174 Turio.
384 1132 556 1169 recissis,
617 1131 735 1169 Voss.
760 1133 798 1168 1.
823 1133 860 1168 3.
886 1131 1034 1169 recisis.
1152 1141 1289 1170 contra
1300 1131 1372 1186 fil.
1424 1132 1552 1175 Aan.

91 1206 132 1241 2.
153 1215 177 1240 a
194 1216 273 1240 sec.
292 1215 348 1239 m.
374 1213 468 1239 cum
490 1198 582 1238 edd.
606 1195 710 1237 Bad.
735 1195 891 1237 Cervic.
918 1195 1051 1237 Colin.
1073 1200 1212 1238 insert.
1236 1203 1292 1239 in.
1382 1200 1553 1243 ductum.

95 1266 232 1309 Guelf.
250 1268 411 1309 (lictum.
509 1266 645 1322 qualia
669 1269 711 1304 in
731 1289 787 1296 —
805 1268 1109 1319 pronunciatum
1129 1277 1198 1307 cst.
1248 1265 1384 1308 Guelf.
1411 1273 1558 1311 omittit

93 1335 195 1375 haec
225 1338 375 1376 omnia.
480 1334 754 1389 Oppianicum.
805 1331 944 1374 Turio.
968 1336 1206 1388 opianicum.
1305 1347 1341 1374 et
1361 1353 1385 1375 α
1405 1349 1555 1380 senatu.

93 1401 234 1444 Turio.
265 1419 288 1443 a
314 1420 374 1457 pr.
403 1418 459 1443 m.
490 1402 597 1443 Flor.
632 1400 760 1442 Amb.
786 1406 824 1442 2.
854 1412 889 1440 ct
911 1413 1060 1442 senatu.
1119 1401 1240 1444 Voss.
1263 1409 1300 1443 1.
1325 1409 1364 1444 3.
1388 1415 1424 1443 et
1443 1422 1559 1446 sena-

94 1481 170 1512 tus.
288 1475 377 1513 reis.
449 1470 586 1512 Guelf.
617 1487 748 1509 reum.
875 1469 1104 1524 deportatis.
1181 1469 1318 1513 Guelf.
1355 1471 1484 1514 Aan.
1517 1481 1557 1515 2.

95 1537 216 1580 Voss.
243 1545 276 1580 1.
299 1546 336 1581 3.
367 1539 491 1582 Bern.
514 1539 774 1594 (lepor-talum.
877 1540 1102 1577 assertione.
1164 1537 1288 1579 Goth.
1312 1543 1561 1584 asser-ctione.

184 1619 219 1647 et
244 1609 438 1663 partibus.
496 1605 634 1648 Guelf.
667 1606 714 1645 (Ie
743 1623 784 1660 p.
842 1604 965 1647 Goth.
996 1605 1108 1647 Jens.
1139 1616 1178 1646 et
1199 1608 1289 1647 edd.
1313 1617 1405 1647 ante
1428 1608 1558 1651 Stoer.

98 1678 240 1717 inserr.
270 1677 327 1716 (Ie.
445 1677 595 1716 hastas,
651 1674 789 1715 Turio.
822 1689 844 1713 a
865 1691 926 1728 pr.
949 1690 1006 1715 m.
1038 1678 1158 1724 asiis,
1188 1690 1211 1714 a
1228 1691 1308 1717 sec.
1333 1692 1389 1717 m.
1411 1689 1559 1732 pastes.

213 1747 249 1798 §.
281 1752 320 1786 2.
382 1746 631 1785 auctoritate.
678 1741 807 1783 Amb.
831 1748 869 1784 2.
890 1741 1016 1782 Bern.
1038 1745 1329 1784 auctoritatem.
1416 1762 1559 1788 rerum.

98 1810 238 1866 Camp.
274 1830 418 1853 eornm.
547 1812 594 1851 cle
626 1812 778 1866 quibus,
849 1810 1016 1851 Omittit
1055 1810 1102 1849 de
1132 1810 1259 1851 Amb.
1295 1817 1333 1852 1.
1452 1831 1562 1856 raro.

100 1878 240 1920 Turio.
270 1880 379 1921 Flor.
395 1910 406 1929 ,
452 1890 620 1934 uterque
641 1895 662 1918 a
682 1896 742 1932 pr.
763 1895 818 1919 m.
844 1896 953 1920 νανα.
1071 1881 1112 1918 in
1135 1879 1209 1920 his.
1269 1879 1379 1921 Jens.
1405 1891 1444 1922 et
1467 1884 1559 1924 edd.

100 1957 194 1987 ante
222 1946 378 2002 Gryph.
401 1963 490 1987 exc.
511 1946 609 1987 ΑΜ.
628 1946 740 1987 Sich.
770 1949 811 1985 in
841 1950 905 1986 iis.
1026 1945 1140 1988 Vult.
1194 1946 1322 1988 Amb.
1345 1953 1383 1990 1.
1411 1949 1562 1991 volunt.

186 2018 359 2070 quisque.
419 2014 547 2055 Amb.
578 2020 615 2054 1.
640 2021 680 2054 2.
712 2012 848 2054 Guelf.
870 2018 1088 2069 quisquam.
1192 2032 1260 2056 nec
1279 2015 1346 2056 lib.
1369 2033 1438 2056 ex.
1494 2017 1564 2059 Sic

102 2083 224 2123 etiam
256 2083 366 2124 Flor.
402 2081 529 2123 Aan.
558 2088 598 2123 2.
626 2081 717 2122 Par.
756 2086 793 2121 1.
829 2088 869 2123 2.
904 2087 940 2123 3.
1057 2081 1163 2138 quod
1192 2086 1233 2122 in
1260 2100 1313 2124 se.
1372 2081 1494 2126 Aan.
1525 2092 1565 2127 2.

100 2151 197 2206 quid
226 2153 253 2191 i.
283 2168 316 2192 s,
1270 2195 1275 2198 ,

216 2221 251 2272 §.
287 2225 327 2259 3.
386 2235 493 2272 ergo.
555 2217 765 2259 Omittunt
796 2215 934 2258 Guelf.
968 2216 1093 2258 Goth.
1122 2217 1250 2259 Amb.
1279 2225 1318 2260 2.
1361 2218 1474 2261 Sich.

87 2287 235 2345 ferret.
296 2285 567 2343 Guelf.feret.
684 2288 896 2326 actionum.
954 2286 1092 2326 Turio.
1115 2301 1137 2325 a
1154 2303 1215 2340 pr.
1236 2303 1293 2326 m.
1312 2287 1420 2328 Flor.
1441 2291 1563 2328 inser.

101 2352 171 2403 αἴ.
219 2353 360 2395 Turio.
387 2370 410 2394 a
429 2370 506 2394 sec.
530 2369 584 2394 m.
608 2364 689 2393 aut.
780 2353 1012 2394 incusanda.
1062 2353 1199 2395 Guelf.
1224 2354 1352 2394 Amb.
1374 2361 1415 2396 2.
1437 2354 1563 2397 Bern.

102 2423 327 2471 insecundo„
377 2422 498 2464 Voss.
525 2427 562 2463 1.
586 2427 624 2462 3,
649 2421 898 2476 insequenda.
996 2421 1249 2476 negligenlia.
1308 2422 1415 2463 Flor.
1440 2422 1566 2465 Amb.

104 2496 146 2532 2.
168 2490 422 2545 neglegentia.
534 2490 766 2544 judicalum.
815 2489 924 2530 Jens.
945 2487 1045 2530 Loc.
1066 2488 1175 2529 Ven.
1191 2489 1399 2543 judicium.
1518 2491 1567 2530 (le

103 2560 253 2611 gratia.
315 2556 455 2599 Turio.
480 2556 620 2611 Camp.
643 2561 771 2597 omitt.
802 2557 862 2597 cle.
979 2557 1261 2598 inveniendum.
1319 2558 1427 2599 Flor.
1458 2560 1567 2598 inve-

107 2625 304 2666 niurzclum.
410 2626 515 2681 quod
552 2643 706 2666 causae.
768 2622 893 2665 Goth.
936 2625 1053 2666 Voss.
1086 2631 1125 2666 2.
1161 2626 1271 2668 Jeus.
1312 2624 1411 2668 Loc.
1454 2626 1564 2668 Ven-
