1721 2974
380 134 433 174 acl
463 134 630 189 Quintil.
669 133 797 175 Instit.
835 131 897 181 V,
936 136 1000 173 1⁴.
1043 137 1079 186 ξ.
1115 119 1312 178 22-34,
1495 147 1576 183 305

221 251 259 303 ᾗ,
292 254 361 291 29,
422 248 605 289 aliarum.
655 247 780 289 Amb.
807 254 843 288 1.
873 247 980 288 Flor.
1015 250 1135 288 etiam
1164 247 1337 290 illarum.
1455 255 1571 307 igna—

109 335 188 358 ros.
243 316 382 358 Guelf.
414 319 586 371 ignarus.
702 319 778 355 nisi
814 327 849 354 et
881 315 952 356 del.
1009 315 1114 356 Jens.
1143 326 1183 356 et
1214 318 1304 358 edd.
1330 328 1421 360 ante
1453 321 1565 363 Sich.

107 390 299 426 omittunt
320 397 369 426 et.
480 384 689 425 allicimus.
739 384 848 425 Flor.
876 399 1038 440 quoque
1060 383 1277 438 alligemus.
1359 433 1366 437 ι
1386 405 1436 428 ac
1457 405 1563 430 vera.

108 452 230 494 Goth.
261 465 297 493 et
327 469 366 494 v.

220 535 256 586 §.
289 538 357 574 30.
415 531 624 587 Locuples.
682 529 806 572 Goth.
836 530 947 571 Jens.
978 529 1178 585 locuplex.
1300 546 1562 589 consequetur.

104 599 212 640 Flor.
243 616 265 640 a
284 617 342 654 pr.
368 616 424 640 m.
456 611 747 654 consequentur.
867 609 1111 639 contemtum.
1164 598 1304 641 Turio.
1334 614 1562 651 contentum,

104 683 126 706 a
148 684 225 708 sec.
250 684 301 707 m.
325 679 598 722 contemptum.
677 668 899 719 [servitute.
950 665 1044 706 ΑΜ.
1075 675 1115 706 et
1137 682 1264 721 marg.
1295 667 1422 710 Basil.
1445 672 1566 712 habet

103 739 326 787 severitate,
363 737 473 791 quod
493 728 636 775 veium
655 735 1009 794 utiquelvidetur]

217 816 253 865 §.
286 820 354 854 31.
415 831 522 867 ergo.
574 812 642 853 Sic
666 816 788 852 etiam
807 811 933 853 Amb.
963 818 1001 853 1.
1101 815 1159 852 uii
1171 813 1325 871 fontes.
1367 815 1476 857 Flor.
1499 819 1565 857 in-

98 896 173 920 ser.
205 891 242 919 et
268 884 337 922 uti.
393 880 520 921 Amb.
552 886 589 921 1.
623 883 681 920 uti
807 883 1020 934 jejuni
1042 880 1205 937 fontes,
1259 885 1329 923 sed
1353 887 1476 938 jejuni
1506 895 1564 925 est

99 963 122 986 a
141 963 217 987 sec.
241 964 297 988 m.
403 949 599 989 latissimi.
650 948 777 988 Aan.
803 954 842 988 1.
863 948 972 988 Flor.
994 952 1117 988 etiam
1139 951 1363 991 beatissimi.
1436 955 1561 1007 fluat.

96 1014 206 1055 Flor.
243 1019 364 1056 etiam
392 1016 533 1072 pluant
563 1017 613 1070 (a
637 1033 716 1057 sec.
739 1032 867 1056 manu
887 1016 1057 1072 fluant).
1121 1017 1247 1058 Amb.
1271 1022 1480 1074 1.fluuni.

96 1083 207 1123 Nam
237 1084 333 1138 quicl
362 1108 419 1115 —-
449 1085 759 1125 custodientium.
818 1083 886 1125 Sic
909 1088 1031 1123 etiam
1052 1084 1160 1124 Flor.
1181 1084 1272 1126 Par.
1302 1091 1339 1126 1.
1363 1092 1403 1126 2.
1462 1104 1561 1142 pro-

97 1155 335 1205 sequentium
364 1151 487 1193 Amb.
516 1159 553 1194 1.
584 1151 723 1192 Turio.
754 1151 867 1191 Alm.
896 1167 1021 1205 marg.
1042 1151 1136 1192 Bas.
1159 1153 1268 1193 Jens.
1291 1164 1329 1193 et
1350 1156 1442 1194 edd.
1467 1165 1560 1196 ante

95 1218 199 1259 Bad.
234 1235 306 1273 pro
333 1224 644 1275 persequentium
667 1221 876 1260 exhibent.
984 1219 1141 1260 Graeci,
1197 1219 1323 1260 Amb.
1359 1228 1396 1261 1.
1437 1227 1559 1262 etiam

101 1286 287 1328 Gracchi.
375 1288 504 1328 [licere
525 1289 661 1329 solent.
709 1288 819 1328 Flor.
842 1305 873 1328 s.
900 1287 939 1328 ἆ.
1037 1299 1177 1327 maier.
1229 1287 1368 1329 Turio.
1391 1300 1431 1330 et
1447 1290 1559 1333 Flor.

95 1370 118 1394 a
138 1371 198 1409 pr.
218 1358 478 1405 ln.sma11·em.
569 1374 631 1397 ac.
685 1356 895 1398 Omittunt
916 1354 1044 1398 Amb.
1071 1362 1107 1395 1.
1129 1355 1239 1396 Flor.
1328 1373 1397 1398 ex.
1448 1358 1559 1400 Flor.

95 1434 146 1464 et.
243 1434 279 1462 et
300 1441 458 1479 repugn.
508 1425 540 1465 F
543 1429 618 1466 lor.
642 1429 762 1465 etiffln
778 1441 974 1479 propugn.

209 1505 246 1555 ξ.
284 1509 350 1545 32.
411 1521 461 1544 ac
478 1520 578 1545 vers.
632 1503 766 1546 Guelf.
799 1514 833 1543 et
860 1519 900 1544 v.
985 1504 1207 1558 provenire.
1259 1502 1426 1545 Omittit
1446 1504 1556 1548 Flor.

168 1571 308 1626 facia.
360 1571 486 1612 Amb.
513 1579 550 1613 1.
584 1575 837 1628 etiamficia.
949 1581 1142 1625 suspecta.
1198 1570 1267 1611 Sic
1292 1576 1411 1611 etiam
1429 1571 1557 1615 Aan.

95 1643 134 1678 1.
157 1638 264 1680 Flor.
373 1640 497 1680 dixit.
548 1639 674 1681 Amb.
702 1647 740 1681 1.
771 1640 878 1680 Flor.
911 1655 1073 1694 quoque
1094 1641 1218 1678 vixit.
1324 1641 1559 1681 Demosthe-

94 1723 188 1746 nem.
237 1706 364 1747 Amb.
390 1714 428 1748 1.
456 1709 752 1749 Demosthenen.
856 1708 969 1762 liujus
1001 1731 1058 1738 —
1090 1724 1171 1760 rep.
1221 1705 1348 1747 Aan.
1379 1714 1417 1748 1.
1446 1709 1560 1763 liujus

91 1777 193 1813 veris
205 1805 216 1823 ‚
262 1785 301 1815 et
333 1779 381 1815 ab
411 1780 535 1816 altera
554 1793 681 1817 manu
700 1780 745 1816 in
765 1791 890 1829 marg.
912 1777 1114 1826 adjectum
1134 1774 1199 1813 vel
1217 1779 1330 1816 artis,
1380 1775 1412 1815 F
1415 1779 1488 1816 lor.
1515 1778 1555 1818 Ιι.

90 1857 223 1880 verum
242 1842 306 1881 vel
326 1847 426 1883 artis
447 1861 480 1884 r.
498 1876 508 1896 ‚
550 1861 572 1884 a
593 1861 669 1887 sec.
693 1861 749 1885 m.
784 1845 822 1885 li.
852 1845 1031 1883 veritatis
1061 1860 1095 1882 r.
1152 1841 1244 1882 Par.
1269 1828 1307 1882 1..
1339 1843 1376 1883 ἢ.
1399 1847 1478 1883 viri
1496 1845 1562 1885 vel

91 1911 191 1948 artis
214 1927 248 1948 r.
364 1927 469 1951 nam.
518 1910 645 1952 Amb.
669 1918 707 1953 1.
739 1913 849 1952 Flor.
883 1914 1005 1951 etiam
1036 1927 1127 1950 non.
1243 1913 1354 1964 pejus
1381 1911 1556 1969 —fac.

92 1976 217 2017 Amb.
238 1983 276 2018 1.
296 1977 405 2018 Flor.
427 1981 620 2019 omittunt
640 1982 861 2030 interjecta.
950 1989 1028 2018 cat.
1053 1978 1195 2031 ligant.
1230 1976 1356 2018 Aan.
1372 1983 1410 2019 1.
1433 1994 1455 2018 a
1474 1995 1555 2021 sec.

90 2061 145 2086 m.
166 2049 287 2086 inser.
310 2063 394 2085 nos.
495 2064 566 2101 per
588 2047 676 2087 hoc.
728 2045 850 2087 Goth.
875 2046 993 2087 Voss.
1015 2052 1053 2087 2.
1075 2063 1146 2099 per
1164 2046 1274 2085 lzaec.

207 2128 242 2178 ξ.
266 2131 331 2166 33.
384 2141 430 2164 ne
451 2127 514 2166 iis.
556 2123 687 2166 Guelf.
708 2123 820 2166 Sich.
845 2142 890 2164 ne
910 2124 985 2164 his.
1072 2141 1144 2172 me,
1174 2126 1256 2178 qui.
1298 2122 1407 2165 Flor.
1432 2127 1555 2166 etiam

91 2211 222 2249 neque.
332 2195 449 2234 laeto.
498 2193 625 2233 Amb.
653 2199 689 2233 1.
711 2191 803 2234 Par.
830 2199 866 2233 1.
888 2199 930 2233 2.
955 2198 993 2233 3.
1017 2194 1140 2233 etiam
1163 2191 1261 2232 lato.
1358 2209 1407 2233 ac
1423 2210 1554 2249 persp.

92 2260 216 2304 Goth.
238 2274 273 2302 et
288 2281 330 2318 p.
433 2273 468 2302 et
490 2278 560 2302 ex.
607 2260 730 2302 Goth.
752 2275 833 2301 om.
859 2272 910 2301 et.

206 2355 242 2405 §.
273 2355 340 2394 34.
401 2364 596 2393 ornatum.
647 2351 785 2393 Turio.
823 2366 844 2391 a
864 2368 924 2405 pr.
947 2366 1003 2391 m.
1034 2361 1189 2391 ornatu.
1293 2352 1357 2389 iis,
1413 2347 1554 2390 Turic-

92 2436 115 2460 α
136 2437 194 2475 pr.
217 2437 272 2462 m.
303 2426 352 2462 is.
401 2421 515 2462 Sich.
543 2437 703 2476 quoque
725 2421 800 2461 his.
888 2420 998 2460 Nam
1017 2431 1051 2458 et
1074 2435 1200 2474 saepe.
1252 2415 1378 2458 Goth.
1401 2432 1481 2457 om.
1503 2429 1552 2459 el.

178 2506 291 2544 saepe
307 2489 413 2545 plur.
436 2489 512 2529 luc.
561 2489 669 2529 Flor.
689 2488 746 2544 pl.
771 2487 796 2530 l.
816 2506 848 2530 s,
932 2491 1021 2544 ipsa
1041 2486 1180 2527 transl.
1228 2483 1296 2526 Sic
1316 2488 1439 2524 etiam
1459 2483 1552 2525 Par.

96 2562 134 2597 1.
159 2563 200 2598 2.
240 2560 327 2612 ipsa
349 2562 498 2598 omitfit
518 2557 626 2598 Flor.
744 2574 825 2597 esse
848 2557 1029 2597 audeant.
1072 2554 1182 2596 Jens.
1205 2554 1389 2594 ordinem
1408 2561 1553 2592 mutat.

95 2623 376 2679 [Scripturam
404 2626 548 2668 alludit
577 2627 759 2667 defendit
787 2626 1042 2667 Heindorfius
1075 2625 1126 2663 ad
1156 2626 1184 2663 l.
1208 2625 1237 2663 l.
1272 2619 1475 2662 Ciceronis
1507 2621 1556 2659 de

139 2705 236 2741 Tom.
267 2706 308 2741 V.
1057 2691 1090 2731 U
