1721 2974
415 97 490 145 ”aa
520 102 685 158 Quintil.
713 101 844 145 Instit.
871 98 955 150 IX,
984 103 1023 140 3.
1054 99 1084 154 ς.
1107 98 1304 141 49-86,
1517 101 1600 138 399

256 220 293 271 §.
328 224 394 260 68.
454 217 652 270 [Schiitz.
682 232 723 271 p.
753 221 806 257 30
836 231 894 271 sq.
926 231 1004 255 non
1030 228 1086 253 etz·
1108 212 1264 265 eodem,
1305 211 1375 251 sed
1397 226 1453 251 ex
1470 212 1602 251 vicino

142 288 335 327 datvm-sum
358 289 551 341 accipitur
571 288 689 325 scribi
707 287 858 332 voluit,
891 298 973 322 esse
996 284 1105 321 enim
1122 284 1366 335 supplicium
1391 290 1430 321 et
1447 283 1604 336 suppli-

141 360 344 397 cationem
360 358 482 397 verbo
502 357 656 405 vicina,
695 368 800 408 quae
822 352 977 392 diverso
997 365 1116 390 sensu
1135 350 1448 405 acciperentur]

256 427 292 478 §.
324 429 395 465 71.
456 421 577 462 intell.
611 421 677 461 αᾶ.
728 420 820 461 Par.
853 425 890 460 1.
920 425 959 460 2.
990 422 1110 460 inser.
1140 430 1190 460 et.
1308 419 1602 473 distinguenda.

141 492 210 534 Sic
230 493 321 534 Par.
344 497 381 532 1.
402 497 444 532 2.
526 491 780 544 proprietate.
810 487 879 529 Sic
898 487 990 528 Par.
1008 493 1045 527 1.
1060 494 1101 529 2.
1157 490 1436 544 proprietatem
1457 488 1548 530 Par.
1565 493 1603 529 1.

254 566 290 615 §.
320 565 391 601 72.
451 556 612 597 leviora.
650 556 718 597 Sic
747 556 840 597 Par.
872 562 912 597 2.
974 556 1092 595 livior
1110 567 1166 596 cst
1187 556 1280 598 Par.
1303 561 1341 598 1.

254 634 294 683 §.
325 629 393 669 74.
454 643 580 681 epar.
604 637 729 665 contr.
761 624 829 665 Sic
849 624 942 665 Par.
965 630 1003 665 1.
1023 631 1063 666 2.

256 700 292 750 §.
323 699 393 737 75.
456 694 703 749 [Schiitzius
732 709 772 746 p.
799 698 847 733 31
884 709 978 732 cum
1004 695 1140 733 locum
1175 697 1231 734 sic
1261 695 1450 749 expedire
1478 711 1604 737 cona-

142 775 261 816 retur,
286 774 332 805 ut
354 780 432 819 par
453 778 539 802 non
558 761 846 814 Adjectivum,
878 763 948 801 sed
968 760 1274 804 Substantivum
1294 780 1376 804 esse
1398 773 1603 817 statueret,

142 835 194 873 ad
220 836 460 886 scripturam
491 834 736 885 optimorum
767 831 954 870 codicum
984 833 1168 870 animum
1188 847 1273 871 non
1294 834 1486 884 attendit,
1527 850 1608 889 qua

139 904 324 941 restituta
344 903 473 940 omnis
500 902 619 940 facile
638 899 833 938 dubitatio
862 901 1041 938 tolletur.
1100 898 1161 938 Ea
1184 900 1285 940 haec
1305 910 1387 941 est:
1423 901 1530 941 Nam
1551 913 1607 941 est

137 972 331 1024 primum,
373 970 550 1022 quotiens
577 967 738 1006 verbum
767 966 884 1006 ver-ho
908 977 977 1007 aut
998 983 1074 1006 non
1101 965 1291 1007 dissimile
1308 969 1426 1009 valde
1450 973 1608 1025 q‘uaeri-

140 1048 280 1087 tur-A—
301 1047 370 1077 aut
399 1046 501 1075 certe
528 1053 607 1090 par
639 1047 674 1074 et
698 1037 893 1074 extremis
921 1034 1087 1090 syllabis
1111 1052 1344 1079 consonans.
1404 1038 1489 1079 Par
1510 1041 1607 1082 dicit

139 1106 252 1161 quod
273 1105 444 1144 eandem
466 1107 735 1159 quantitatem
761 1103 928 1158 habet.]

258 1174 296 1225 §.
329 1178 400 1214 76.
460 1172 566 1228 quocl
583 1176 647 1212 sit.
679 1172 747 1213 Sic
768 1171 861 1213 Par.
888 1177 926 1212 1.
950 1178 992 1213 2.
1021 1193 1024 1195 ·

258 1243 294 1295 §.
326 1245 396 1282 77.
458 1241 548 1282 carl.
577 1240 666 1297 syll-
696 1241 788 1281 iiscl.
838 1240 929 1281 Par.
961 1246 1000 1281 1.
1034 1246 1075 1282 2.
1105 1240 1171 1281 vel
1194 1244 1234 1281 in
1260 1244 1325 1284 iis.
1427 1245 1606 1288 similem.

142 1309 236 1351 Par.
261 1314 298 1349 1.
321 1315 362 1351 2.
384 1309 526 1351 simile.
625 1311 762 1365 finem.
799 1308 868 1351 Sic
887 1307 981 1349 Par.
1005 1314 1043 1349 1.
1062 1315 1102 1351 2.
1197 1313 1322 1367 fiunt.
1363 1311 1431 1354 Sic
1451 1313 1542 1355 Par.
1566 1321 1607 1357 2.

140 1389 231 1418 sunt
250 1377 343 1418 Par.
366 1383 406 1418 1.

260 1447 297 1498 §.
329 1451 398 1487 78.
460 1447 568 1501 quia.
608 1444 677 1486 Sic
704 1445 796 1486 Par.
818 1449 856 1485 2.
946 1461 1042 1484 casu
1069 1445 1208 1486 simile.
1248 1446 1339 1488 Par.
1367 1453 1405 1489 1.
1428 1455 1468 1490 2.
1496 1467 1612 1490 casus

145 1514 302 1554 similis.
388 1514 608 1569 respondet.
650 1513 719 1553 Sic
746 1513 838 1554 Par.
863 1519 903 1553 2.
965 1514 1195 1567 respondent
1214 1515 1304 1557 Par.
1331 1523 1369 1557 1.
1453 1521 1610 1574 primis.

144 1582 214 1624 Sic
235 1582 328 1623 Par.
358 1587 396 1623 1.
418 1588 460 1623 2.
545 1592 686 1635 potest.
726 1581 816 1622 Par.
841 1587 878 1621 1.
901 1587 939 1622 2.
958 1592 1155 1635 poterunt.

259 1652 295 1702 ξ.
327 1654 398 1691 79.
458 1648 576 1690 solat.
598 1652 712 1690 inter.
742 1649 811 1691 Sic
829 1649 919 1691 Par.
945 1655 983 1690 1.
1004 1655 1045 1690 2.
1067 1659 1106 1690 et
1126 1649 1256 1692 Amb.
1282 1656 1320 1692 1.
1410 1653 1614 1714 Ejusfire

146 1718 215 1760 Sic
239 1718 332 1759 Par.
359 1723 396 1758 1.
417 1724 459 1760 2.
1178 1774 1180 1776 q

261 1791 298 1839 §.
330 1791 398 1828 80.
452 1786 642 1832 Accedit.
692 1784 786 1827 Par.
815 1791 853 1827 1.
877 1791 919 1827 2.
949 1785 1132 1828 Accidit.
1230 1790 1273 1829 ἱη
1298 1801 1417 1832 matr.
1456 1790 1549 1834 Par.
1571 1798 1610 1835 1.

148 1861 189 1897 2.
214 1869 295 1894 om.
322 1857 378 1894 in.

265 1924 302 1975 §.
335 1927 404 1963 81.
465 1932 522 1972 ct,
552 1924 600 1963 si.
637 1921 730 1962 Par.
757 1926 796 1962 1.
828 1929 868 1964 2.
893 1925 1014 1965 inser.
1032 1926 1105 1980 fit.

265 1993 299 2043 ᾗ.
333 1996 401 2031 83.
461 1992 597 2043 igitur.
636 1989 704 2031 Sic
725 1989 818 2031 Par.
841 1997 882 2032 2.

265 2060 303 2111 §.
336 2061 403 2100 84.
462 2061 619 2113 primis.
660 2057 730 2099 Sic
764 2058 857 2100 Par.
889 2064 928 2101 1.
1046 2076 1142 2110 7108,
1190 2061 1307 2116 qnod.
1352 2062 1421 2105 Sic
1450 2063 1542 2106 Par.
1573 2072 1614 2108 2.

152 2145 294 2183 nosque
310 2127 402 2168 Par.
430 2132 468 2167 1.
809 2156 814 2159 —

268 2198 304 2246 §.
338 2200 406 2236 86.
470 2193 587 2246 Quod
609 2218 667 2226 —
697 2193 882 2234 cluditur.
931 2193 1024 2237 Par.
1047 2201 1088 2237 2.
1111 2212 1191 2237 om.
1225 2197 1353 2250 Quod.
1405 2200 1498 2242 Par.
1523 2208 1560 2243 1.
1581 2213 1617 2241 et

153 2265 286 2306 eodem
310 2263 555 2305 excluditur.
652 2260 817 2303 Roscio.
857 2262 946 2303 Par.
971 2270 1012 2305 2.
1045 2264 1244 2307 Scroscio.
1291 2266 1384 2308 Par.
1411 2274 1449 2309 1.
1471 2269 1617 2311 Sexto.

239 2335 305 2389 qui
321 2350 378 2372 sc.
400 2334 583 2372 introeat.
613 2330 681 2372 Sic
701 2329 792 2371 Par.
812 2336 852 2372 2.
912 2349 949 2386 q.
972 2335 1015 2371 in
1031 2350 1150 2374 scena
1168 2346 1361 2389 spectetur
1377 2336 1467 2377 Par.
1489 2344 1529 2379 2.

155 2404 221 2443 sit.
261 2400 330 2442 Sic
352 2400 442 2442 Par.
461 2407 502 2442 2.
565 2397 640 2452 [In
672 2403 859 2453 exemplo
887 2398 1151 2442 Ciceroniano
1183 2404 1233 2442 de
1260 2402 1409 2444 Roscio
1445 2409 1619 2447 alterum

156 2472 209 2509 sit
238 2459 350 2510 haud
379 2471 500 2509 dubie
528 2469 770 2508 mendosum
793 2478 853 2509 est
871 2472 1207 2526 scribendumque
1227 2483 1296 2513 cst.
1354 2470 1403 2512 In
1427 2472 1555 2516 Amb.
1578 2481 1618 2516 1.

159 2541 281 2579 verba
299 2540 403 2578 inter
421 2547 640 2593 utrumque
660 2548 701 2578 ut
719 2539 999 2590 interjacentia
1016 2542 1278 2592 omittuntur,
1307 2542 1380 2582 sed
1396 2557 1468 2596 pro
1485 2546 1620 2598 priore

157 2609 209 2648 sit
227 2607 350 2649 habet
369 2611 469 2650 item
493 2607 585 2661 est.]
