1721 2974
211 150 291 187 378
644 143 911 199 Supplemenia
940 146 1198 184 annotationis

210 271 303 297 cum
323 271 369 296 eo
389 256 496 310 quod
513 259 689 311 sequitur
715 272 798 295 cum
817 255 989 294 amnibus
1008 255 1119 295 albis.
1179 255 1337 296 Poterat
1358 257 1465 296 enim
1485 269 1635 310 aequa-

209 327 298 366 liter
328 339 473 376 ponere
505 325 796 363 nominativum
817 322 944 361 demes
966 322 1060 362 albi.

322 394 352 444 ᾗ.
389 396 453 431 13.
510 390 667 428 Fallunt
694 391 822 429 eliam.
880 389 1004 430 Amb.
1042 390 1087 431 F.
1121 392 1239 440 enim,
1292 399 1332 429 et
1358 398 1446 443 post
1477 387 1636 440 religio-

208 458 333 497 nibus.
420 469 460 496 ut
491 459 657 495 Taurus.
710 467 751 494 ut
781 457 993 496 delendum
1027 461 1178 497 censuit
1205 456 1411 510 Spalding.
1437 459 1482 495 in
1509 456 1634 509 praef.

207 523 488 577 V01.Illpng.
508 520 586 570 XI,
615 538 715 562 num
743 524 929 563 idoneam
958 527 1007 565 ob
1035 540 1215 576 causam,
1258 525 1406 564 dubito.
1491 521 1636 563 intelli-

202 595 323 645 gitur.
372 593 493 630 Amb.
519 589 764 643 intelligetur.

319 661 350 712 ᾗ.
385 658 448 697 14.
508 673 575 696 nec
603 660 752 710 trajeci.
813 655 947 697 Locus
976 659 1158 698 nondum
1186 668 1359 698 sanatus.
1407 656 1533 697 Amb.
1565 671 1635 696 nec

203 727 447 771 transiectio,
486 724 747 763 inti-amodum
767 724 975 779 hyperbato
993 727 1065 778 fin.
1111 726 1299 780 Syllabae
1315 725 1470 765 modum
1485 726 1635 763 lineola

202 800 403 832 notantur.
453 788 555 830 Item
577 794 631 830 sio
649 790 681 830 F
683 794 756 831 lor.
776 793 845 830 sed
863 793 1104 846 hyperbaton.
1151 792 1184 835 F
1188 802 1259 832 ort.
1279 808 1345 831 nec
1364 793 1635 845 transjectione

202 860 308 898 ultra
345 857 497 897 modum
539 858 740 912 hyperbati
764 860 867 913 finis
906 862 984 910 ejus
1019 859 1250 916 differatur,
1292 860 1362 899 sed
1392 861 1518 899 fateor
1549 872 1635 897 nou

200 940 437 979 magnopere
458 927 627 978 placere.

314 994 346 1046 ᾗ.
381 997 447 1032 16.
479 992 678 1033 Demeam.
721 991 849 1032 Amb.
871 993 1056 1034 Demean.

312 1062 346 1114 ᾗ.
379 1064 444 1100 17.
502 1075 601 1113 quae
621 1059 748 1098 dicere
765 1059 843 1100 nol.
890 1058 1011 1101 Amb.
1041 1071 1076 1099 et
1104 1060 1207 1115 quod
1227 1060 1302 1102 clio.
1323 1059 1402 1101 nol.

311 1130 343 1181 ξ.
378 1132 444 1167 19.
504 1125 567 1166 De
588 1129 789 1166 locutione
818 1128 948 1167 Tanto
977 1127 1113 1167 melior
1148 1131 1199 1168 cf.
1230 1144 1332 1183 quae
1359 1127 1565 1181 Spalding.
1585 1128 1630 1166 in

196 1197 320 1249 praef.
354 1198 446 1234 Vol.
469 1191 528 1232 ΙΙΙ
555 1208 593 1246 p.
614 1192 681 1233 XI
709 1210 767 1248 sq.
800 1198 1018 1234 annotavit.
1123 1211 1219 1250 quae
1247 1195 1387 1236 dicere.
1433 1193 1559 1235 Amb.
1591 1204 1631 1234 et

197 1262 305 1302 Flor.
335 1264 450 1301 ambo
481 1276 502 1300 a
526 1277 585 1314 pr.
612 1276 668 1300 m.
700 1264 785 1315 qui,
830 1263 899 1301 sed
926 1263 1020 1301 inde
1052 1264 1202 1302 factum
1227 1262 1328 1317 quid.
1435 1262 1556 1302 dictis
1583 1261 1631 1300 de

184 1331 348 1385 figuris·
401 1327 525 1368 Amb.
556 1327 710 1367 (licendi
736 1331 900 1382 figuris,
941 1331 1102 1382 optime.

310 1398 341 1450 ξ.
373 1402 439 1437 20.
497 1393 718 1447 ἀδιανόητα
748 1395 822 1434 lzoc
856 1406 923 1435 est.
976 1395 1101 1436 Amb.
1129 1395 1272 1436 adiano
1299 1405 1334 1435 et
1362 1399 1441 1436 ονέ.
1536 1411 1630 1434 con-

196 1463 333 1503 ductus
353 1474 406 1502 cst
429 1473 502 1503 cet.
562 1461 628 1501 Sic
659 1461 784 1500 Amb.
807 1467 856 1500 σᾶ
887 1462 1023 1502 (luctus
1057 1473 1112 1501 cst
1141 1478 1277 1502 caecus
1301 1461 1503 1502 secundum
1524 1464 1630 1500 viam

194 1540 322 1579 stare,
367 1528 474 1582 quod
500 1526 656 1566 videtur
684 1530 966 1582 explicandum
995 1544 1101 1570 esse:
1150 1544 1243 1569 cum
1264 1532 1382 1569 funus
1412 1532 1449 1569 ei
1479 1531 1629 1569 factum

194 1605 273 1643 est,
318 1598 400 1634 sive
429 1596 619 1647 exequiae
650 1595 804 1635 ductae.

309 1665 340 1716 ξ.
380 1665 448 1701 21.
510 1663 767 1715 pervasitque.
836 1661 903 1702 Sic
946 1661 1072 1702 Amb.
1209 1662 1442 1702 audiverint.
1501 1661 1625 1702 Amb.

193 1730 397 1771 audierint.

306 1800 339 1850 ξ.
369 1801 437 1836 23.
493 1799 587 1850 quia
615 1795 669 1835 iel.
715 1794 836 1835 Amb.
872 1794 976 1849 quod
1004 1805 1050 1836 et.
1162 1806 1204 1834 ut
1235 1795 1307 1836 sol.
1365 1794 1490 1836 Abest
1518 1805 1558 1834 ui
1578 1798 1626 1834 ab

190 1865 314 1905 Amb.
338 1873 376 1903 et
394 1872 482 1917 post
507 1866 546 1901 in
566 1863 711 1914 oculis,
750 1872 865 1902 antea
889 1864 1039 1902 factum
1060 1862 1214 1919 fiacrit,
1255 1877 1344 1902 cum
1365 1866 1472 1916 prius
1491 1864 1627 1902 fuisset

178 1932 349 1991 fuerint.

756 2040 788 2083 C
821 2054 849 2081 Α
881 2056 919 2082 1².
976 2037 1065 2081 III.

299 2143 458 2184 Titulus
487 2145 531 2182 in
557 2140 678 2182 Amb.
703 2148 740 2183 1.
771 2142 853 2181 DE
884 2139 1148 2182 ORNATV.

301 2225 333 2276 ξ.
364 2228 402 2263 1.
461 2224 658 2276 magisque
677 2223 796 2261 vitiis.
844 2219 970 2260 Aan.
999 2236 1048 2260 m.
1079 2231 1122 2259 ut
1144 2221 1272 2269 vitiis,
1312 2222 1419 2275 quod
1434 2220 1625 2263 Francius

190 2294 424 2341 conjecerat.

303 2370 334 2422 ξ.
364 2374 404 2408 2.
463 2378 497 2406 et
516 2371 555 2406 si
574 2383 683 2421 quae.
731 2366 856 2407 Amb.
887 2369 923 2404 si
941 2382 1049 2421 quae.

304 2449 332 2499 ξ.
363 2448 398 2484 4.
457 2446 524 2485 secl
542 2445 655 2485 velut.
706 2443 831 2485 Abest
849 2445 915 2483 secl
932 2447 978 2483 ab
1001 2442 1124 2484 Amb.

303 2526 334 2578 ξ.
369 2530 406 2565 5.
467 2541 536 2565 con
561 2535 658 2564 crat.
715 2523 836 2563 Amb.
858 2522 1051 2578 conferet,
1089 2522 1159 2561 sed
1187 2538 1206 2560 e
1232 2529 1454 2561 extremum
1476 2523 1623 2562 lineola

191 2600 362 2631 notatur.
