1721 2974
363 160 416 200 (ul
448 159 609 214 Quintil.
642 159 773 200 Instit.
807 157 884 206 VJ,
916 162 954 197 3.
994 157 1031 209 §.
1064 157 1259 199 33-47.
1458 162 1538 200 333

88 272 275 315 orandae.
392 273 571 314 demisso.
621 271 746 314 Amb.
772 278 810 313 1.
852 273 973 312 etlam
1001 268 1174 311 dimisso,
1289 268 1540 314 discesserat.

89 339 225 382 Guelf.
255 341 440 382 ‹lis-cerat.
556 343 769 381 recessisse.
828 339 966 380 Turio.
997 353 1020 378 a
1038 353 1098 391 pr.
1119 353 1177 378 m.
1207 341 1427 380 recensisse.

201 412 238 463 §.
272 412 335 450 41.
396 408 509 450 illud.
566 407 675 447 Flor.
707 424 730 447 a
751 423 810 461 pr.
837 423 891 447 m.
924 421 1082 462 quoque
1112 404 1238 445 illum.
1323 405 1422 447 Hic.
1472 406 1541 449 Sic

87 480 208 518 etiam
236 478 345 518 Flor.
370 476 461 518 Par.
488 481 525 516 1.
639 475 809 515 Ariona.
868 473 1004 515 Guelf.
1035 476 1186 521 oriona,

201 547 237 597 ξ.
262 547 330 587 42.
380 544 648 584 dicacitatem.
688 543 825 583 Turic.
858 543 1110 582 decantatam.
1187 539 1384 594 jaciendo.
1415 538 1541 582 Amb.

90 618 130 652 1.
162 612 270 654 Flor.
296 611 500 670 faciendo,
597 613 778 651 insertae.
829 608 954 650 Amb.
981 615 1019 649 1.
1050 608 1231 665 infirme.
1328 607 1408 648 sed.
1451 608 1543 649 Tu-

87 684 159 721 ric.
194 697 215 720 a
246 697 304 734 pr.
332 696 387 721 m.
417 681 464 719 si.
580 678 721 718 eodem.
779 677 888 720 Jens.
926 680 1025 718 Loc.
1055 676 1162 718 Ven.
1194 692 1340 717 eorum.
1454 687 1544 716 sunt

87 749 191 789 editi.
249 749 356 789 Flor.
388 746 527 800 Camp.
560 746 616 785 ed.
647 763 679 787 s.

201 819 235 869 §.
266 818 332 856 43.
396 814 652 869 jaculatione.
711 812 851 854 Turio.
888 812 998 852 Flor.
1037 810 1200 866 injacul.
1321 812 1541 855 verborum.

85 884 212 926 Amb.
246 890 285 924 1.
322 883 432 924 Flor.
464 883 671 922 dictorum.
786 880 834 919 cle
876 879 1035 920 Crasso.
1092 880 1221 920 Amb.
1255 885 1293 922 1.
1338 884 1458 921 inser.
1493 880 1544 923 L.

86 952 227 993 Turio.
260 967 282 990 a
302 968 361 1005 pr.
387 967 443 991 m.
475 953 668 990 den-asso.
784 948 886 988 aliis.
945 947 1054 989 Flor.
1087 946 1224 988 Guelf.
1256 948 1339 988 alii.
1438 950 1545 1004 quib.

86 1020 160 1061 loc.
205 1017 339 1059 Guelf.
370 1021 491 1059 inser.
522 1021 576 1059 in.
692 1027 846 1056 narrat.
906 1013 1031 1056 Amb.
1059 1021 1098 1056 1.
1127 1031 1150 1055 a
1169 1032 1246 1057 sec.
1268 1032 1321 1055 m.
1354 1016 1492 1058 Turio,
1520 1033 1545 1058 a

84 1104 146 1143 pr.
174 1102 230 1127 m.
261 1097 436 1126 narrant.

200 1156 238 1207 ξ.
269 1155 339 1195 44.
402 1153 468 1194 Cn.
527 1151 654 1195 Amb.
686 1159 726 1194 1.
775 1155 897 1193 etiam
942 1150 984 1192 C.
1108 1152 1353 1194 ostendisset.
1412 1152 1545 1195 Guelf.

87 1222 315 1265 ostenderet.
402 1221 452 1260 L.
500 1220 639 1262 Tul-ic.
670 1233 699 1263 t.
782 1225 834 1262 iis
864 1238 972 1277 quae.
1014 1218 1139 1261 Amb.
1163 1227 1201 1261 1.
1223 1224 1258 1260 is
1277 1238 1362 1276 que.
1403 1221 1545 1264 Turio.

86 1307 217 1346 usque.
278 1287 413 1330 Guelf.
447 1289 508 1328 his
535 1306 644 1344 quae.
705 1288 845 1343 Camp.
878 1292 1010 1344 iisque.
1055 1289 1168 1330 Sich.
1200 1290 1261 1329 his
1289 1306 1396 1345 quae.
1499 1291 1546 1330 cle

87 1359 182 1413 lege.
241 1355 381 1411 Camp.
417 1361 568 1398 omittit
597 1358 656 1397 de.
781 1357 958 1397 dixerat.
1017 1354 1140 1398 Amb.
1176 1363 1214 1397 1.
1244 1357 1354 1397 Flor.
1384 1373 1545 1414 quoque

85 1427 253 1467 dixerit.
370 1436 461 1466 tres.
522 1425 660 1466 Turio.
702 1439 724 1464 a
754 1441 815 1479 pr.
846 1440 902 1464 111.
941 1426 1029 1465 tris.
1147 1424 1294 1479 hisque.
1351 1424 1489 1466 Tul-ic.
1522 1441 1546 1466 a

86 1511 148 1550 pr.
180 1509 237 1534 m.
275 1495 393 1548 isque.
454 1492 579 1534 Goth.
619 1496 756 1548 iisque.
873 1509 960 1532 cum
988 1494 1030 1531 in
1059 1492 1167 1532 Priv.
1230 1490 1354 1533 Goth.
1395 1497 1547 1535 omittit

86 1566 141 1602 in.
256 1562 488 1616 requirebat.
546 1561 686 1602 Tmic.
716 1560 825 1600 Flor.
858 1559 996 1601 Guelf.
1027 1560 1288 1614 requirebant.
1388 1560 1546 1603 Omnes.

85 1630 225 1672 Turio.
266 1627 390 1670 Goth.
432 1629 540 1670 Jens.
580 1639 620 1669 et
659 1629 750 1670 edd.
791 1637 883 1668 ante
923 1627 1023 1669 Ald.
1055 1631 1189 1669 omnis.
1246 1627 1350 1668 Bad.
1381 1637 1422 1669 et
1451 1630 1545 1671 edd.

84 1714 199 1738 meae
239 1707 332 1737 ante
372 1695 486 1737 Gibs.
517 1699 675 1737 omneis,
790 1707 1076 1751 emancuparet.
1132 1695 1273 1736 Aan..
1292 1702 1331 1737 1.
1363 1714 1547 1738 emancu-

81 1783 190 1822 pare.
309 1764 491 1820 praedia.
549 1762 687 1804 Guelf.
725 1764 894 1819 proelia.
1019 1767 1159 1819 turpis,
1220 1762 1345 1805 Amb.
1379 1770 1418 1805 1.
1459 1776 1547 1805 tur-

82 1837 184 1890 piuS.
283 1831 478 1887 apologis,
526 1830 637 1872 Flor.
669 1831 810 1886 Camp.
840 1831 1017 1886 epiloffis.
1116 1835 1273 1872 interim
1295 1834 1426 1875 etiam.
1474 1833 1544 1875 Sic

85 1904 209 1942 etiam
236 1899 346 1940 Flor.
447 1899 682 1953 exponendi.
734 1899 956 1940 Sic·etiffln
984 1898 1110 1941 Amb.
1134 1905 1173 1940 1.
1203 1899 1313 1941 Flor.

200 1971 236 2022 ξ.
267 1968 337 2008 45.
395 1965 665 2022 dupl.for7na
695 1978 764 2008 est.
819 1965 887 2007 Sic
919 1971 1041 2007 etiam
1070 1967 1178 2007 Flor.

201 2037 240 2087 §.
271 2036 339 2076 46.
398 2033 503 2074 nihil
531 2037 631 2073 enim
658 2056 715 2066 --·
743 2033 847 2089 quod
872 2045 1001 2088 potest
1028 2051 1116 2075 non.
1167 2034 1236 2075 Sic
1269 2037 1390 2076 etiam
1416 2033 1541 2078 Amb.

88 2111 128 2146 1.
158 2104 266 2145 Flor.
383 2101 620 2142 lacessendo.
679 2101 818 2142 Turic.
848 2117 870 2141 a
891 2118 950 2155 pr.
975 2118 1033 2143 m.
1069 2102 1261 2143 lassenclo.
1380 2114 1432 2143 at.
1455 2104 1546 2145 Tu·-

85 2177 157 2214 ric.
189 2188 212 2212 a
238 2187 295 2226 pr.
328 2185 380 2210 m.
411 2170 520 2210 Flor.
561 2169 629 2211 ad.
743 2172 808 2209 ira
849 2186 958 2211 conc.
1017 2169 1142 2211 Amb.
1176 2175 1213 2211 1.
1259 2173 1318 2211 ita
1351 2188 1450 2227 quae
1482 2189 1543 2225 c.‚

85 2244 250 2282 fortasse
280 2241 389 2293 prius
420 2242 554 2293 itaque
585 2253 644 2290 c.‚
677 2253 770 2278 cum
793 2236 903 2278 Flor.
1021 2241 1062 2278 in
1094 2237 1360 2281 altercatione.
1401 2239 1542 2282 Turio.

61 2325 111 2353 ,a
133 2325 192 2364 pr.
210 2324 266 2349 m.
299 2309 567 2347 intercatione.
684 2307 946 2361 requiruntur.
1005 2305 1112 2346 Flor.
1147 2321 1306 2362 quoque
1340 2310 1544 2362 requiran-

86 2387 164 2418 tur.
266 2387 322 2416 est
352 2375 462 2416 mihi.
514 2373 623 2414 Flor.
659 2372 800 2428 Camp.
829 2391 882 2414 m.
912 2391 944 2414 e.
1049 2390 1190 2414 omnes,
1240 2374 1378 2416 Turio.
1403 2374 1542 2417 Guelf.

86 2444 196 2485 Jens.
237 2453 277 2485 et
313 2444 404 2484 edd.
445 2451 537 2482 ante
575 2441 678 2484 AJd.
719 2445 856 2484 omnis.
923 2441 1024 2484 Ald.
1066 2451 1105 2483 et
1144 2443 1236 2483 edd.
1278 2452 1371 2484 aute
1410 2441 1540 2496 Gibs.,

88 2527 177 2554 exc.
207 2511 364 2564 Colin.,
404 2514 562 2552 omneis.

202 2581 241 2631 §.
273 2581 342 2622 47.
401 2590 527 2620 autem
556 2594 624 2621 ex.
654 2614 657 2618 .
680 2576 790 2619 Flor.
817 2581 939 2620 etiam
967 2589 1008 2620 ut
1037 2593 1106 2619 ex.
1163 2577 1294 2620 Amb.
1318 2585 1358 2620 1.
1389 2581 1539 2620 omittit

89 2657 250 2692 autem,⁴
341 2647 564 2690 Atellanae.
622 2644 746 2691 Amb.
769 2651 809 2690 1.
839 2662 1002 2705 quoque
1031 2647 1253 2690 atellaniae.
1308 2647 1418 2691 Flor.
1445 2647 1539 2691 Par.
