1721 2974
114 147 195 186 396
573 137 844 195 supplementa
873 140 1138 179 artnotaiionis

227 257 263 308 §.
295 255 362 295 14.
421 252 530 293 Illud
557 264 605 293 et.
638 251 706 293 Sic
727 251 819 292 Par.
848 255 887 291 1.
915 256 955 291 2.

225 328 262 377 §.
297 327 363 364 15.
422 338 514 376 quo.
555 320 623 360 Sic
645 319 736 359 Par.
762 323 800 359 1.
829 323 869 359 2.
954 320 1007 358 in.
1023 320 1092 374 fit.
1133 317 1223 360 Par.
1250 325 1287 360 1.
1310 325 1350 360 2.
1372 321 1401 360 i.
1419 322 1487 361 sit.

111 403 223 447 urget
245 415 300 423 -—-
322 392 442 443 viget.
481 387 550 428 Sic
567 386 656 427 Par.
680 390 717 426 1.
741 392 781 427 2.

225 463 261 511 §.
295 462 362 499 17.
421 472 513 496 nam
532 458 579 494 is.
622 453 714 493 Par.
740 458 779 493 1.
800 459 841 494 2.
862 470 901 494 n.
924 453 984 495 id.
1071 452 1159 493 Nec
1179 456 1332 495 ciceris.
1359 454 1450 496 Par.
1477 460 1565 496 1.2.

113 529 327 570 Ciceronis.
414 522 478 562 vel
507 519 553 559 V
550 523 629 574 irg.
667 519 736 561 Sic
764 520 859 561 Par.
881 526 921 562 1.
940 526 980 563 2.

223 600 262 650 §.
293 598 360 634 18.
407 592 538 646 figur.
569 587 665 628 add.
713 587 805 629 Par.
837 594 876 630 1.
907 595 949 630 2.
976 591 1096 629 inser.
1126 591 1253 644 prior.
1352 606 1457 630 nam.
1500 589 1567 629 Ei.

108 665 199 706 Par,
233 669 271 703 1,
304 667 345 702 2.
375 673 494 712 neque
524 652 719 695 Parnassi
743 657 855 697 vobis
889 659 1002 711 juga.
1046 657 1116 698 Et.
1214 657 1267 697 Et
1291 657 1461 698 detract.
1499 657 1568 698 Sic

107 733 200 775 Par.
230 736 267 771 1.
299 734 342 770 2.
426 723 583 764 habent.
620 722 690 765 Sic
722 723 815 764 Par.
847 729 886 765 1.
920 730 960 765 2.
1033 727 1141 780 fig„
1172 737 1236 775 ut,
1266 725 1372 767 Ace.
1409 726 1502 767 Par.
1528 729 1566 765 1.

107 816 189 842 om.
212 809 268 838 ut.
357 797 508 847 ignem:
537 794 636 846 jam.
677 790 770 832 Par.
791 796 830 832 1.
852 798 890 833 2.
910 794 1030 833 inser.
1059 794 1174 835 hunc.

223 870 259 919 §.
296 868 364 904 19.
423 861 532 900 Nam
552 859 599 898 de
617 858 747 899 altera
764 884 821 891 —
840 859 1102 912 adjiciendum
1121 871 1192 901 est.
1230 861 1321 902 Par.
1342 867 1380 901 1.
1399 867 1439 903 2.
1460 859 1568 900 Nam

106 936 154 976 «ἵε
174 934 244 974 alt.
260 965 270 984 ,
312 946 408 986 quac
429 927 670 967 detractione
695 926 812 983 (Par.
835 933 874 968 2.
902 942 984 968 sec.
1004 943 1059 968 m.
1083 927 1275 969 detractio
1295 927 1378 985 est)
1404 928 1463 984 pl.
1484 928 1566 983 adj.

106 1022 140 1045 e.
199 1001 328 1042 Amb.
355 1003 393 1039 1.
427 996 750 1035 detractionibus.
801 994 894 1036 Non
926 999 1032 1036 male
1061 995 1279 1037 Schiitzius
1314 1013 1354 1050 p.
1380 1002 1436 1038 29
1475 1013 1568 1036 nam

106 1073 154 1112 de
180 1070 308 1111 altera
337 1066 448 1120 (scil.
477 1061 630 1117 figura)
663 1079 762 1117 quae
790 1062 1032 1103 detractione
1047 1067 1130 1119 fit,
1170 1064 1350 1119 pluribus
1376 1064 1463 1118 adj.
1495 1075 1564 1112 est,

106 1140 290 1190 conjecit,
311 1134 587 1186 indicavitque
607 1134 743 1170 locum
761 1130 844 1170 huo
865 1134 1136 1184 pertinentem
1158 1134 1193 1184 ᾧ.
1208 1138 1275 1173 58.
1316 1130 1458 1186 Itaque
1478 1130 1564 1182 Qu.

104 1211 149 1248 in
181 1206 428 1247 Terentiano
469 1201 657 1252 exemplo
704 1199 996 1238 detractionem
1035 1202 1222 1239 vitiosam
1265 1202 1449 1253 putavit:
1496 1200 1566 1239 sed

105 1277 275 1316 minime
302 1285 401 1324 opus
426 1277 496 1319 esf,
516 1277 560 1307 ut
581 1281 675 1306 cum
696 1264 891 1307 Schfitzio
909 1267 1081 1305 eandem
1097 1282 1185 1306 rem
1203 1270 1342 1307 multis
1363 1269 1490 1307 verbis
1511 1268 1568 1306 sic

103 1359 200 1384 eum
232 1343 441 1393 jubeamus
467 1338 717 1389 siguificare:
756 1332 846 1387 plus
876 1335 1015 1372 satist
1048 1345 1104 1372 est
1132 1337 1172 1373 in
1196 1338 1321 1387 vi1i05
1357 1334 1448 1389 plus
1467 1336 1568 1374 enim

103 1427 220 1468 quam
249 1411 350 1448 satis
377 1421 512 1444 verum
544 1413 614 1443 est.
673 1400 780 1442 Nam
813 1403 985 1440 verbum
1013 1404 1188 1455 simpl-ex
1219 1413 1275 1441 est
1297 1417 1460 1442 senqun
1483 1403 1567 1440 fere

103 1481 229 1520 habet
247 1492 341 1516 etun
360 1476 475 1530 quasi
496 1474 644 1512 dixerit
663 1485 744 1508 csse
769 1467 918 1520 debet]
1002 1480 1043 1508 ut
1065 1486 1120 1509 se.
1160 1468 1229 1509 Sic
1246 1469 1337 1510 Par.
1358 1476 1398 1510 2.
1422 1487 1461 1509 u.
1483 1485 1568 1508 eum

103 1564 136 1588 s.
153 1547 244 1588 Par.
269 1549 308 1585 1.
397 1541 515 1580 dicet.
548 1538 616 1578 Sic
636 1537 726 1578 Par.
751 1540 790 1575 1.
811 1541 853 1576 2.
950 1534 999 1574 Si
1018 1546 1076 1588 te,
1112 1535 1200 1578 Cat.
1233 1536 1303 1578 Sic
1319 1536 1413 1578 Par.
1433 1542 1474 1578 1,
1494 1543 1536 1579 2,

218 1614 256 1663 §.
288 1617 357 1652 20.
417 1608 517 1646 Sunt
536 1617 571 1645 ct
591 1604 677 1644 illa.
720 1603 788 1644 Sic
808 1603 899 1644 Par.
925 1609 963 1643 1.
984 1610 1024 1644 2.

217 1682 254 1733 §.
285 1683 354 1719 21.
413 1675 478 1714 Nc
506 1673 617 1713 mihi.
658 1670 727 1712 Sic
753 1670 846 1711 Par.
878 1677 918 1712 2.
979 1669 1066 1709 Nec
1086 1669 1185 1709 mihi
1211 1670 1304 1711 Par.
1332 1677 1369 1711 1.
1459 1670 1563 1711 divo.

101 1749 170 1791 Sic
190 1748 283 1789 Par.
309 1751 347 1786 1.
370 1750 411 1786 2.

216 1819 252 1869 §.
284 1820 354 1855 22.
413 1827 473 1850 me
501 1824 556 1848 em
585 1807 644 1848 ed.
690 1806 758 1848 Sic
788 1806 878 1847 Par.
907 1811 973 1856 2.,
1013 1805 1083 1844 sed
1110 1803 1201 1844 Par.
1233 1808 1270 1844 1.
1303 1818 1383 1844 om.
1407 1820 1479 1845 ex.

104 1885 220 1927 Caec.
245 1898 342 1936 nego
360 1896 434 1920 me.
471 1877 563 1918 Par.
585 1882 628 1917 2.
649 1892 687 1915 η.
708 1891 761 1914 m.
789 1874 833 1914 C.
921 1883 957 1911 et
978 1876 1052 1926 ips.
1093 1871 1162 1912 Sic
1180 1871 1271 1927 Par.
1295 1876 1333 1912 1.
1354 1877 1398 1913 2.
1485 1887 1563 1912 ex-

99 1968 229 1995 cussa.
271 1949 340 1991 Sic
358 1948 450 1989 Par.
475 1951 512 1986 1.
536 1950 578 1986 2.
662 1942 796 1982 verbo.
833 1939 929 1980 Ula.
969 1939 1038 1980 Sic
1059 1938 1152 1980 Par.
1180 1944 1217 1979 1.
1241 1945 1282 1980 2.

214 2020 252 2071 §.
285 2023 354 2060 23.
415 2030 531 2054 unum
553 2010 672 2067 quod.
713 2009 781 2051 Sic
809 2008 901 2049 Par.
931 2014 971 2049 2.
1032 2024 1223 2062 unumque
1248 2006 1339 2047 Par.
1364 2012 1430 2047 1.’
1490 2008 1563 2063 hy-

96 2088 207 2146 perb.
229 2085 350 2142 quod.
380 2083 448 2125 Sic
466 2081 557 2122 Par.
581 2085 620 2121 1.
643 2086 684 2120 2.
771 2076 990 2116 nolum-unt.
1028 2074 1121 2115 Par.
1145 2079 1183 2114 1.
1217 2080 1259 2114 2.
1287 2074 1504 2115 voluerunt.

212 2157 251 2209 ξ.
281 2154 350 2195 24.
409 2150 492 2191 secl.
533 2147 625 2189 Par.
651 2153 690 2188 1.
712 2152 752 2187 2.
775 2161 876 2185 cum.
964 2159 1115 2183 sensum
1137 2153 1275 2181 mutat.
1317 2141 1386 2182 Sic
1405 2142 1497 2183 Par.
1520 2148 1558 2183 1.

96 2233 140 2268 2.
206 2238 340 2264 sensus
368 2228 555 2261 mutatur.
606 2215 700 2257 Par.
731 2220 771 2256 2.
809 2228 889 2254 sec.
924 2226 980 2252 m.
1084 2209 1281 2268 formam.
1330 2209 1418 2250 Par.
1449 2215 1488 2251 1.
1516 2217 1558 2253 2.

84 2294 247 2353 forma·-

209 2363 245 2413 §.
279 2360 348 2399 25.
408 2353 447 2394 Ii
469 2354 546 2409 qui.
586 2350 655 2392 Sic
674 2348 766 2392 Par.
794 2355 834 2389 2.
863 2362 942 2388 sec.
964 2361 1022 2386 m.

212 2428 251 2478 §.
280 2429 350 2467 26.
412 2421 538 2475 Vir-g.
570 2418 653 2459 illo.
694 2416 761 2457 Sic
789 2415 882 2456 I’ar.
908 2419 946 2454 1.
965 2419 1005 2454 2.

210 2496 250 2545 §.
281 2496 351 2533 27.
411 2500 477 2529 aut
501 2489 575 2528 his.
615 2485 684 2526 Sic
703 2484 794 2525 I‘ar.
819 2488 855 2522 1.
879 2488 921 2524 2.

210 2563 247 2614 §.
278 2565 345 2600 31.
406 2559 482 2611 cuj.
506 2567 541 2595 et
566 2558 622 2594 ἰη.
664 2552 732 2594 Sic
753 2550 845 2592 Par.
869 2555 906 2590 1.
932 2555 971 2591 2.
1059 2547 1337 2589 crudelissime.
1374 2547 1441 2589 Sic
1462 2547 1553 2590 Par.

97 2639 137 2674 2.
229 2627 317 2668 bell.
336 2634 551 2681 gesserunt.
581 2621 650 2663 Sic
669 2620 761 2663 Par.
782 2624 823 2661 2.
919 2616 1205 2675 ἄςῙόνηιαο-ιιητ.
1243 2615 1312 2658 Sic
1332 2615 1366 2658 P
1369 2631 1424 2657 ar.
1450 2622 1488 2658 1.
1510 2623 1551 2659 2.
