1721 2974
136 149 217 191 3352
275 138 551 196 supplementa
565 140 830 183 annotationis
849 136 904 180 ad
921 136 1057 189 Quint..
1076 133 1174 178 Inst.
1196 134 1275 188 VI,
1303 142 1342 181 5.
1367 138 1405 195 §-
1429 142 1496 182 11,
1551 117 1557 122 ‘

134 255 204 297 Sic
235 257 358 296 etiam
388 250 541 305 Goth„
577 254 649 307 qui
678 250 718 290 h.
748 251 777 290 1.
807 248 914 288 nihil
942 249 1082 290 variat.
1110 228 1120 243 ἡ
1201 265 1348 291 revera.
1393 249 1520 292 Amb.
1545 257 1585 292 1.

135 324 242 365 Flor.
276 326 398 363 etiam
427 337 487 360 res
513 336 552 361 v.
675 328 710 356 et
740 327 882 355 tamen.
942 314 1076 355 Turio.
1108 331 1131 355 a
1159 331 1217 370 pr.
1246 331 1302 356 m.
1341 316 1450 358 Flor.
1482 334 1526 356 en
1554 328 1584 358 τ.

218 390 470 431 voluntatem.
528 387 653 428 Amb.
677 390 715 425 1.
743 382 964 434 voluntate,
996 399 1075 423 sec.
1094 399 1149 424 m.
1173 393 1266 424 aute
1296 387 1435 424 inserit
1465 402 1501 424 a.

134 476 281 516 prcceS.
339 456 477 498 Turio.
507 471 530 495 a
558 470 615 508 pr.
639 467 695 492 m.
723 467 898 507 preceps.
1014 450 1252 492 detraxerit.
1314 449 1437 492 Goth.
1465 450 1588 492 Voss.

136 535 178 570 2.
208 527 402 566 detraxit.

252 618 288 667 §.
320 620 387 655 11.
432 612 671 668 frustraque
691 610 774 648 sine
801 625 859 649 eo.
918 606 1053 648 Turio.
1085 623 1107 648 a
1136 625 1197 662 pr.
1226 624 1283 650 m.
1303 607 1472 665 frustra
1502 609 1591 662 quis

137 689 178 727 in
206 701 264 725 eo.
321 682 425 722 Flor.
454 679 622 736 fi·ustra
651 693 750 732 quas
777 679 819 716 in
847 692 907 717 eo.
1020 675 1086 715 vel
1111 678 1206 717 sine.
1265 675 1408 729 Gamp.
1441 676 1592 714 omittit

136 753 208 794 vel.
340 748 510 803 Aptare.
575 744 685 785 Flor.
724 747 847 785 etiam
884 760 1046 798 appare.
1181 754 1237 782 est
1273 743 1452 796 ejusdem.
1521 739 1591 781 Sic

137 825 259 861 etiam
295 816 423 858 Amb.
463 821 500 855 1.
540 813 648 854 Flor.
763 811 893 852 lazius.
950 810 1090 852 TurIc.
1131 827 1153 851 a
1182 827 1242 865 pr.
1272 827 1328 852 m.
1359 809 1476 850 latus.

136 891 378 940 mixtusque.
429 882 568 923 Turio.
598 884 753 920 mixtus
783 896 895 935 quae.
996 882 1234 935 praecipere.
1286 877 1412 921 Goth.
1447 875 1591 930 Camp.

135 956 355 1012 praecipue.
