1721 2974
0 2071 6 2095 2
0 1996 7 2044 =<-,-
0 1889 8 1988 -4-2-

243 166 293 204 ιιι]
326 164 485 218 Quintil.
523 164 651 203 [restit.
686 164 720 215 I,
754 166 788 201 1.
823 164 857 215 ξ.
883 167 1076 202 31-38.
1126 170 1164 203 2.
1199 163 1405 212 §.1—-7,
1496 168 1544 202 15,

214 281 246 333 ᾗ.
282 285 318 320 3.
381 278 550 319 dicendi.
606 276 782 318 discendi
820 275 928 317 Jens.
975 275 1095 317 Tarv.
1129 274 1236 316 Ven.
1269 273 1370 316 Ald.
1403 273 1543 329 Camp.

101 345 223 388 Goth.
267 346 426 398 G-uelfi,
477 345 575 385 Tur.
629 361 651 385 a
697 360 753 386 m.
801 361 878 385 sec.
934 342 1073 399 (prior
1113 346 1223 383 e'nim
1271 343 1380 382 dedit
1420 343 1542 398 clia).

185 418 301 454 etiam
332 417 369 452 si
393 424 520 468 potest
549 414 700 454 habent
730 417 852 453 etiam
877 412 975 453 Tur.
1009 410 1116 452 Flor.
1148 410 1276 452 Amb.
1312 416 1375 464 1.;
1421 413 1543 450 iidem

100 485 205 523 male
235 484 332 522 daut
369 480 482 532 volo,
532 491 576 521 ut
606 480 718 522 Sich.
755 480 856 521 Bad.
900 480 1053 522 Cervio.
1113 476 1163 518 In
1190 478 1380 518 Parisinis
1414 482 1546 519 omni-

101 553 172 590 bus
201 560 332 605 potest
361 552 441 601 legi
472 553 680 589 annotavit
708 548 936 589 Pottierius.
1101 565 1106 570 ⁴

211 620 242 670 ᾧ.
273 618 313 656 4.
375 633 537 671 quoque.
589 618 741 655 Assunt
781 616 930 669 multa5
977 620 1032 655 ita
1077 614 1178 655 Obr.
1222 611 1544 669 (acl.5.)G0511.3

100 685 190 724 edd.
224 700 361 724 omnes
390 687 540 737 priores
572 701 634 739 q.,
677 696 712 722 ct
741 697 828 724 sunt
857 702 930 733 m.‚
971 694 1015 724 ut
1044 684 1169 724 Paris.
1207 687 1243 722 1.
1268 688 1307 722 2.
1336 687 1374 722 3.
1409 681 1543 722 Guels.

100 752 198 792 Tur.
241 753 309 806 (in
346 767 428 807 quo
471 755 523 792 al.
566 767 621 792 m.
666 768 783 806 supra
817 769 916 793 corr.
949 762 1083 791 assunt
1097 750 1125 805 ).
1187 761 1222 788 et
1254 749 1393 788 adsunt
1423 749 1545 791 Goth.

101 818 203 873 (err.
236 818 399 872 Ges11.).
451 813 567 860 'Flor.
600 823 682 860 ita:
725 831 761 858 et
802 819 907 875 (hoc
936 823 1115 873 superius
1148 816 1354 872 additum)
1395 829 1481 856 sunt
1514 830 1548 857 ct

100 905 150 928 m.
226 887 376 941 [Conf.
426 888 652 941 Spaldingii
696 891 862 940 praefat.
916 890 966 928 ad
1015 888 1111 927 Vol.
1147 884 1181 926 Ῑ.
1227 902 1266 939 p.
1308 884 1546 937 LXXIH.]

184 966 266 993 iam
296 954 424 994 laesae
456 955 604 1004 hercle,
648 972 777 1009 quam.
821 957 974 995 hercule
1003 954 1124 996 Goth.
1157 954 1264 994 Flor.
1297 953 1395 994 Tur.
1418 956 1545 995 Amb.

102 1029 154 1063 1.-
175 1022 315 1076 Camp.
378 1034 458 1062 mm
489 1022 644 1062 hercule
674 1041 791 1078 quam
825 1023 923 1064 Tur.
957 1023 1064 1063 Flor.
1100 1023 1227 1063 Amb.
1255 1027 1293 1062 1.
1353 1032 1433 1061 mm
1457 1033 1548 1077 pcr—

101 1090 206 1129 ditae
227 1107 343 1144 quam
365 1092 465 1131 Obr.
489 1091 607 1131 Voss.
631 1097 671 1131 2.
703 1090 807 1132 Bad.
840 1101 880 1132 et
912 1090 1065 1132 cerv-ic.
1090 1094 1134 1129 in
1152 1105 1303 1142 margg.
1423 1094 1552 1143 cujus-

101 1174 174 1212 que
204 1169 326 1197 totum
358 1175 439 1198 cur.
503 1163 578 1212 cuj.
622 1169 772 1197 tantum
808 1170 931 1200 totum
969 1162 1084 1199 Voss.
1121 1163 1158 1198 1.
1192 1163 1230 1197 3.
1293 1161 1367 1211 cuj.
1406 1169 1553 1198 tantum

103 1244 184 1266 cur.
225 1226 328 1267 Ald.
399 1230 474 1280 cuj.
529 1238 659 1266 tamen
702 1243 783 1267 cur.
834 1228 944 1268 Sich.
1017 1230 1092 1280 cuj.
1145 1236 1272 1264 tamen
1308 1237 1429 1265 totum
1468 1244 1550 1267 cur.

103 1292 238 1334 Guelf.
353 1304 480 1347 potest
519 1297 645 1348 turpis
683 1310 762 1333 esse
802 1299 924 1334 etiam
962 1295 1063 1334 Tur.
1113 1293 1218 1332 Flor.
1256 1293 1397 1346 Camp.
1438 1294 1550 1335 Sich.

98 1372 181 1416 pot.
215 1372 317 1416 tur-p.
355 1360 587 1401 domesticus
618 1378 698 1401 esse
728 1360 854 1402 Amb.
893 1367 930 1401 1.
964 1361 1033 1400 ille
1065 1376 1144 1401 om.
1178 1359 1308 1401 Amb.
1343 1366 1380 1400 1.
1420 1383 1454 1403 .-

217 1430 255 1480 §.
290 1435 328 1469 5.
386 1432 608 1483 parentium
637 1429 738 1469 Tur.
770 1428 929 1471 Almel.
1034 1429 1170 1485 faciet
1201 1429 1292 1469 edd.
1328 1438 1419 1468 ante
1447 1429 1550 1470 Bad.

103 1513 184 1538 acc.
225 1495 339 1537 Sich.
468 1498 838 1540 timebantur-:End
888 1496 1005 1538 Cerv.
1043 1496 1143 1537 Vid.
1183 1495 1316 1537 Colin.
1358 1500 1452 1550 alii3
1498 1501 1552 1538 sio

103 1564 233 1606 Amb.
260 1570 297 1605 1.
331 1562 454 1605 Goth.
489 1564 607 1606 Voss.
630 1572 670 1607 2.
733 1567 917 1606 timebunt
948 1566 1039 1605 edd.
1073 1568 1167 1620 aliq.
1201 1573 1298 1605 vett.

220 1634 258 1684 §.
292 1638 330 1673 6.
391 1645 427 1672 et
456 1644 549 1675 ante
578 1638 717 1674 meniis
748 1651 829 1676 om.
874 1634 973 1675 Tur.
1019 1633 1127 1673 Flor.
1169 1631 1298 1673 Amb.
1336 1638 1373 1674 1.
1417 1631 1551 1675 Guelf.

103 1702 221 1742 Voss.
250 1706 289 1742 3.
323 1700 464 1755 Camp.
555 1713 590 1741 et
621 1712 714 1743 ante
741 1707 826 1757 jam
864 1718 944 1743 om.
984 1705 1130 1754 Cmnp.
1165 1709 1205 1739 et
1236 1703 1307 1740 rel.
1339 1703 1428 1741 edd.
1462 1713 1554 1742 ante

102 1770 232 1822 Bad.‚
280 1785 362 1810 acc.
403 1769 518 1812 Sich.
562 1769 687 1812 Goth.
733 1770 868 1812 Guelf.
907 1770 1026 1812 Voss.
1070 1774 1108 1809 1.
1151 1767 1274 1809 Bern.
1309 1768 1408 1809 Tur.
1442 1769 1548 1811 Flor.

103 1838 234 1880 Amb.
262 1843 300 1878 1.
331 1840 525 1891 probante
555 1839 694 1893 Spald.
721 1842 767 1880 in
796 1841 888 1880 coll.
923 1836 1058 1879 Guelf.
1140 1839 1225 1889 jam
1247 1853 1411 1891 coquum
1441 1838 1550 1879 Jens.

105 1906 227 1946 Tarv.
250 1905 359 1946 Ven.
374 1938 384 1958 ‚
413 1916 452 1947 et
468 1908 562 1947 inde
573 1905 724 1961 Regius
746 1923 846 1949 corr.
872 1922 1055 1958 coccum5
1086 1905 1260 1945 concidit
1279 1908 1401 1958 igitur
1411 1905 1550 1960 Spald.

107 1977 353 2024 conjectura,
399 1973 579 2015 Florem:
611 1976 704 2016 dare
735 1993 882 2018 cocum.
930 1979 1015 2031 jam
1046 1974 1173 2014 locum
1205 1971 1314 2028 (sic)
1346 1973 1475 2014 Amb.
1511 1980 1547 2014 1.

107 2059 129 2082 a
158 2057 213 2082 m.
244 2057 348 2092 sec.,
400 2044 545 2081 abrasis
584 2047 748 2085 vocibus
786 2047 1021 2098 originariis.
1063 2042 1164 2082 Tur.
1206 2041 1313 2082 Flor.
1355 2051 1549 2081 tacentur.

106 2110 229 2150 Pari&
265 2114 302 2148 1.
326 2115 365 2149 2.
390 2114 428 2149 3.
452 2115 490 2149 6.
524 2127 704 2162 coccum,
746 2111 870 2153 Paris.
903 2113 943 2152 4.
977 2115 1016 2153 5.
1050 2127 1198 2151 cocum.
1260 2107 1415 2163 [Recte
1436 2109 1553 2150 vide-

105 2188 171 2218 tur
201 2176 458 2230 Spaldingius
491 2178 803 2231 disputationem
829 2196 876 2219 eo
906 2181 1124 2226 deducere,
1170 2186 1216 2217 ut
1245 2193 1408 2230 coquum
1436 2192 1552 2229 prae-

105 2250 205 2286 serat
241 2260 384 2296 cocco,
435 2248 628 2298 probante
666 2246 807 2301 Sarpio
849 2246 977 2288 Anal.
1010 2263 1051 2299 p.
1083 2252 1151 2286 20.
1197 2247 1269 2300 qui
1309 2244 1387 2284 hoc
1418 2248 1550 2298 expli-

109 2314 229 2354 candi
259 2327 377 2353 causa
411 2313 576 2363 adjecit:
631 2316 755 2365 „Nos
783 2317 966 2354 similiter
1004 2315 1195 2364 dicimus,
1242 2328 1285 2352 er
1311 2313 1443 2352 kennt
1473 2314 1553 2352 den

108 2381 253 2432 Koch,
283 2390 330 2421 ut
350 2382 604 2420 ostendamus
625 2382 673 2421 de
703 2385 823 2438 coqui
843 2385 1007 2422 artificio
1025 2383 1296 2434 intelligenter
1313 2380 1549 2432 judicari.“]

223 2450 262 2500 §.
294 2453 335 2489 7.
381 2465 499 2503 quam
527 2466 653 2489 mores
682 2451 773 2491 edd.
805 2454 898 2505 aliq.
932 2459 1053 2498 vett„
1091 2464 1263 2504 quorum
1289 2451 1334 2487 in
1354 2463 1469 2489 num.
1494 2458 1552 2488 est

112 2517 278 2571 Camp,
330 2531 412 2558 acc.
455 2516 556 2558 Obr.
597 2517 705 2559 Flor.
755 2517 828 2574 (in
864 2519 942 2558 hoc
980 2520 1058 2557 alia
1095 2526 1255 2558 tantum
1291 2531 1435 2557 manus
1478 2517 1550 2556 ad-

110 2589 262 2640 scripsit
295 2584 363 2639 οε)
393 2584 492 2627 Tux.
521 2585 642 2628 Bodl.
674 2586 802 2627 Palat.
822 2587 929 2639 duo,
954 2585 1078 2626 Paris.
1101 2591 1139 2626 1.
1173 2602 1215 2625 os
1235 2585 1395 2624 defend.
1421 2584 1546 2625 Goth.

112 2653 225 2708 [Sed
254 2670 404 2707 mores,
454 2656 488 2695 si
527 2655 622 2696 fides
660 2657 819 2697 silentio
850 2655 1036 2696 habenda
1068 2663 1148 2706 est,
1194 2655 1328 2695 extitit
1355 2655 1476 2693 etiam
1504 2654 1548 2691 in
