1721 2974
107 148 188 188 412
235 150 237 153 ’
550 145 821 201 Supplcmeuia
851 148 1116 186 annotationis

105 258 250 310 ἔθηκεν
279 255 321 297 ἔν
350 257 538 314 ἐπιστολῇ
568 257 751 312 γράψας,
795 257 954 309 ἐνιαχοῦ
984 261 1064 299 τῶν
1095 257 1223 312 λόγων
1253 257 1541 300 ἀπονυστά-

104 329 205 376 ζειν
234 324 305 366 τὸν
337 326 658 380 Δηλιιοσθῑ-ἰᾙω]

214 395 249 446 §.
282 398 349 434 26.
409 395 615 448 [modeste.
660 393 837 433 Frotsch.
865 409 916 432 ex
940 395 1033 433 edit.
1056 393 1143 434 Col.
1169 400 1275 436 1527
1297 394 1511 445 modesto-J

215 463 253 512 §.
284 467 351 502 27.
414 463 473 500 his
494 464 545 500 in.
595 460 661 499 Sic
683 459 772 501 Par.
795 467 832 500 1.
854 467 891 501 2.

212 531 249 580 §.
281 535 347 570 28.
409 545 531 581 comp.
564 539 613 566 ct.
666 526 732 567 Sic
762 528 851 568 l‘ar.
890 534 926 568 1.
955 535 993 569 2.
1093 540 1127 568 ct
1158 547 1253 569 cam.
1304 529 1394 569 Par.
1433 533 1468 568 1.
1501 535 1539 569 2-

99 601 212 638 eliam
239 614 335 636 cam.

210 667 246 717 §.
278 671 345 705 29.
405 662 584 715 alligata.
627 663 694 703 Sic
712 663 801 703 Par.
827 669 862 704 1.
886 669 926 705 2.
1014 667 1071 703 uti
1093 667 1280 718 propriis.
1328 665 1417 705 Par.
1444 668 1478 704 1.
1499 670 1538 704 2.

99 735 135 772 ιή
151 749 289 787 propr.
375 729 547 784 depulsa.
589 728 656 770 Sic
676 729 766 771 Par.
792 736 828 771 1.
861 731 1012 786 depulsi
1043 731 1132 772 Par.
1155 738 1194 773 2.
1227 748 1303 772 sec.
1328 743 1382 771 m.
1471 730 1548 769 cle-v

96 799 299 840 verticula.
342 798 433 839 Par.
457 803 494 838 1.
515 806 555 840 2.
585 799 722 838 diver-t.
823 799 1040 855 corfitgiczi.
1091 799 1157 840 Sic:
1185 800 1275 840 Par.
1303 806 1339 839 1.
1401 797 1542 856 confu-
1582 849 1584 851 ‚

93 873 205 922 giam
231 867 321 907 Par.
345 872 384 907 2.
473 877 650 920 cogatur.
690 865 757 906 Sic
782 867 872 907 Par.
898 873 934 907 1.
954 874 993 909 2.

208 935 244 986 §.
278 938 344 973 30.
390 932 599 990 fulgorem
615 959 672 966 ——
692 937 770 989 qui.
809 933 898 975 Par.
914 941 951 975 1.
965 936 1184 992 2.fulgorc
1201 937 1319 973 nimis
1337 950 1461 989 seque.

91 1004 408 1058 praestringitur.
447 1000 538 1043 Par.
563 1008 602 1043 2.
624 1017 702 1042 sec.
725 1017 778 1040 m.
798 1014 940 1057 pet-sir.
984 1002 1069 1043 Par.
1091 1008 1127 1043 1.
1155 1005 1456 1058 perstringatur.

204 1074 240 1123 §.
275 1074 343 1109 31.
403 1070 602 1110 scribitur.
641 1068 731 1109 Par.
757 1076 794 1109 1.
815 1077 855 1111 2.
877 1072 1112 1110 scribuntur.
1198 1081 1340 1110 actum.
1383 1069 1472 1110 Par.
1500 1074 1537 1108 1.

94 1147 132 1180 2.
154 1139 347 1177 intuitum.
435 1153 528 1177 rem.
549 1148 584 1176 et
607 1137 674 1178 lib.
715 1137 806 1178 Par.
833 1143 871 1178 1.
893 1144 932 1179 2.
955 1138 982 1178 Ζ.
1008 1149 1042 1177 et
1064 1156 1097 1178 r.

201 1207 239 1257 §.
273 1210 338 1245 33.
397 1205 538 1257 Adde,
572 1205 688 1260 quod.
728 1205 818 1246 Par.
843 1211 936 1246 1.2.
960 1206 1092 1245 audio.
1153 1205 1213 1257 [J.
1238 1203 1399 1245 Geelius
1416 1202 1540 1243 Bata-

92 1289 162 1314 vus
181 1276 225 1312 in
242 1273 486 1313 bibliotheca
515 1276 600 1314 crit.
628 1289 735 1313 nova
767 1272 864 1314 Vol.
885 1271 947 1312 III
976 1290 1016 1327 p.
1037 1279 1119 1315 273
1142 1275 1303 1327 ideoque
1321 1273 1538 1325 legendum

91 1332 323 1394 sdspicatur.
354 1340 461 1380 Mjhi
473 1349 586 1381 vetus
605 1342 831 1380 emendatio
847 1341 947 1380 adde
958 1341 1061 1396 quod
1071 1344 1162 1381 satis
1174 1344 1318 1394 placet.
1351 1340 1432 1380 Sed
1452 1348 1540 1393 post

90 1412 210 1462 paulo
233 1410 398 1461 ancipiti
414 1409 592 1446 remedio
612 1423 706 1445 usus
727 1417 783 1443 em*
795 1406 1052 1461 Spaldingius
1073 1410 1171 1448 dum
1190 1411 1377 1460 interjicit
1404 1424 1459 1462 op
1472 1425 1539 1447 ns.

91 1476 255 1529 Sarpius
276 1473 442 1526 Quaest.
465 1489 504 1527 p.
532 1477 585 1514 52
609 1472 744 1510 debere
768 1474 1153 1524 subintelligendmn
1179 1491 1260 1515 esse
1282 1484 1415 1515 censet
1431 1507 1441 1526 ,
1470 1475 1539 1513 sed

90 1546 185 1583 ferri
204 1558 317 1596 posse
338 1542 528 1582 videntur
549 1542 670 1581 verba
690 1540 927 1591 simpliciter
945 1542 1192 1592 intellecta.]

204 1611 242 1660 §.
275 1612 337 1650 35.
394 1618 497 1648 orat.
525 1610 605 1661 qui.
656 1606 725 1647 Sic
752 1606 843 1646 Par.
871 1612 910 1647 2.
959 1622 1036 1646 sec.
1065 1622 1120 1647 m.
1153 1624 1212 1647 or.
1237 1625 1347 1662 quae.
1387 1611 1476 1649 Par.
1502 1615 1538 1649 1.

174 1686 380 1718 cesserunt.
419 1675 510 1714 Par.
542 1680 579 1713 1.
607 1681 647 1714 2.
679 1684 892 1712 censentur.
987 1676 1110 1727 iisque
1128 1691 1224 1728 quae
1244 1678 1332 1713 sint.
1382 1675 1472 1715 Par.
1501 1682 1535 1715 1.

91 1753 130 1788 2.
156 1760 327 1800 quaeque
348 1753 449 1781 sunt.
510 1742 609 1793 [Pro
629 1742 806 1779 maxime
826 1740 989 1793 Sarpius
1008 1743 1052 1778 in
1073 1739 1239 1791 Quaest.
1262 1758 1301 1794 p.
1325 1747 1375 1783 56
1398 1758 1537 1781 emen—

91 1813 269 1854 dandum
288 1813 441 1851 censuit
459 1810 690 1863 magnifice,
732 1811 925 1862 quoniam
957 1807 1228 1861 Pythagoreos
1251 1819 1354 1848 certe
1384 1819 1422 1849 et
1441 1810 1536 1850 Pla-

89 1891 227 1921 tonem
245 1888 403 1932 propter
420 1874 763 1930 μεγαλοπρέπειαν
786 1878 931 1914 oratori
957 1876 1146 1927 legendos
1164 1877 1356 1925 judicaret
1377 1876 1535 1931 Diony—

89 1952 168 1989 SIus
187 1947 393 1987 Halicarn.
416 1943 536 1983 Tom.
562 1943 605 1983 V
624 1959 663 1996 p.
684 1944 766 1983 430
786 1941 954 1994 Reisk.]
1041 1953 1077 1981 et
1098 1939 1276 1982 alte-ficar.
1323 1943 1413 1984 Par.
1437 1949 1473 1984 1.
1495 1951 1533 1985 2.

88 2032 143 2056 ex
173 2015 243 2055 alt.

201 2085 237 2136 ξ.
270 2087 337 2122 37.
400 2078 526 2119 Credo
549 2087 684 2116 exact.
727 2076 794 2116 Sic
812 2076 901 2117 Par.
929 2083 965 2118 1.
989 2084 1028 2118 2.

200 2154 237 2204 §.
265 2154 334 2190 38.
393 2146 619 2202 quibuscum
647 2145 813 2185 vivebat.
856 2144 944 2184 Par.
968 2151 1005 2186 1.
1032 2152 1071 2187 2.
1100 2146 1196 2200 quid
1221 2149 1377 2200 quisque
1400 2150 1535 2186 conni-

89 2220 215 2259 vebat.
276 2215 590 2270 [Tautologiam
617 2216 661 2251 in
691 2215 800 2265 vulg.
829 2215 1023 2266 scriptura
1044 2229 1163 2253 nemo
1182 2228 1266 2252 non
1285 2216 1425 2265 sentit,
1464 2216 1533 2254 sed

87 2286 314 2327 remedium
353 2284 513 2323 difficile
547 2290 603 2321 est
632 2283 826 2320 iuvenire.
897 2280 1004 2321 Mihi
1036 2282 1253 2335 aliquando
1283 2284 1326 2319 in
1356 2290 1541 2321 mentem,

20 2359 32 2369 ³
90 2357 226 2405 venit,
268 2351 372 2407 quod
390 2349 579 2389 invidiam
606 2349 778 2400 vitabat,
816 2340 949 2404 noque
971 2358 1108 2388 tamen
1132 2347 1449 2400 contenderim.]

90 2421 203 2470 illos,
234 2432 267 2459 ει
289 2422 366 2474 qui.
406 2418 496 2459 Par.
520 2422 557 2457 1.
581 2422 620 2457 2.
643 2430 722 2456 om.
745 2427 793 2456 ct.
877 2415 1022 2470 philos.
1052 2416 1124 2455 Fu.
1166 2415 1234 2456 Sic
1255 2414 1345 2455 Par.
1374 2421 1409 2455 1.
1434 2422 1473 2456 2.

203 2491 238 2540 §.
270 2489 336 2528 40.
399 2497 536 2525 tamen.
586 2483 676 2524 Par.
703 2489 740 2524 1.
761 2490 799 2525 2.
823 2499 902 2524 om.
999 2495 1032 2522 e!
1064 2486 1138 2522 vix
1164 2482 1294 2522 ullum.
1345 2482 1412 2522 Sic
1439 2484 1528 2524 Par.

95 2561 132 2596 1.
159 2561 197 2596 2.

205 2623 242 2673 §.
275 2623 340 2661 41.
403 2623 524 2662 novis.
563 2619 653 2661 Par.
679 2625 716 2660 1.
731 2624 769 2660 2.
794 2621 914 2659 nobis.
1005 2620 1165 2668 Quoius.
1208 2616 1348 2658 l'ar.1.
1366 2625 1401 2658 2.
1426 2619 1528 2673 quid.
