1721 2974
119 144 172 182 56
558 140 827 198 supplementa
856 143 1116 182 annotationis

122 267 193 293 nos
221 251 344 305 Obn,
381 253 452 294 sed
478 251 602 296 Amb.
628 261 666 296 1.
705 254 857 310 quando
886 270 949 305 n.,
995 262 1040 294 ut
1077 255 1211 308 vulgo.
1325 250 1550 293 deliciarum

124 322 247 374 vitia3
291 323 346 360 ita
373 324 493 361 efiam
519 321 626 362 Flor.
657 320 782 363 Amb.
805 328 845 363 2.
875 321 965 364 Par.
992 326 1029 361 1.
1052 328 1092 362 2.
1124 320 1262 374 camp.
1291 318 1402 361 Jens.
1429 319 1551 360 Tarv.

126 385 239 428 Sich.
269 386 369 428 Ald.
409 391 502 437 alii,
550 391 640 430 fort.
670 389 793 429 Aan.
819 394 857 428 1.
971 388 1201 444 defleximus
1231 389 1350 428 etiam
1377 386 1484 427 Jens.
1515 394 1555 425 et

127 451 251 494 Paris.
271 460 311 496 2.
331 455 372 495 4.
395 459 435 495 6.
492 455 762 513 defle-:terimus
790 454 915 496 Amb.
944 461 1008 507 2.,
1055 457 1126 496 sed
1160 455 1396 512 defluximus
1422 460 1556 492 tuetur

127 518 252 560 Amb.
274 525 312 560 1.
370 521 644 578 tlcfluoecrimus
661 522 783 563 Paris.
807 526 844 562 1.
866 527 904 563 3.
924 525 964 564 5.
1052 522 1193 578 fidem.
1213 522 1337 564 Paris.
1359 526 1398 561 1.
1416 521 1557 574 finem.

241 597 277 650 §.
320 603 386 639 11.
454 599 573 639 Ennii
608 616 657 640 ac
692 598 788 638 Pac.
835 598 960 640 Amb.
997 605 1035 640 1.
1076 599 1216 654 Camp.
1337 594 1558 653 asperiiaie.

132 667 364 705 auctoritaie
388 668 504 707 Voss.
529 672 565 707 1.
595 666 704 707 Jens.
733 664 854 706 Tarv.
880 664 979 708 Loc.
1000 667 1109 707 Ven.
1223 668 1412 720 respirant
1441 666 1562 704 etiam

130 728 239 772 Flor.
268 730 392 772 Amb.
416 738 454 772 1.
474 738 514 774 2.
545 732 658 772 Alm.
688 731 812 773 Pasis.
835 737 873 773 1.
896 738 936 774 2.
960 739 998 774 6.
1027 733 1146 773 Voss.
1169 739 1209 773 2.
1231 738 1271 774 3.
1300 732 1409 774 Jens.
1438 730 1562 771 Tarv.

131 794 231 838 Loc.
277 797 386 839 Ven.
429 797 529 840 Ald.
598 801 782 853 respirent
827 808 988 840 notatur
1033 815 1085 840 ex
1128 799 1252 841 Paris.
1294 803 1334 841 5.
1383 807 1422 839 et
1466 798 1562 838 edit.

133 861 273 918 Camp-

246 935 284 983 ᾗ.
315 936 381 972 12.
437 934 502 987 qui
527 949 641 987 prop.
679 931 816 974 Turio.
845 931 960 973 Alm.
1022 950 1203 988 praepos.
1233 932 1373 986 Camp.
1485 941 1565 971 ter—

134 998 297 1036 minetur
333 996 457 1040 Amb.
487 1005 527 1041 2.
571 998 690 1040 Voss.
724 1005 763 1040 3.
805 997 939 1041 Guelf.
983 998 1104 1041 Goth.
1143 999 1251 1041 Jens.
1283 1002 1365 1040 alii.
1423 997 1566 1054 [Con-

136 1066 325 1114 jecturam
371 1080 485 1105 suam
530 1069 574 1106 in
618 1076 712 1106 nota
760 1069 845 1107 crit.
885 1070 1149 1121 propositam,
1199 1076 1242 1107 ut
1281 1076 1319 1106 et
1353 1069 1491 1121 priora
1527 1073 1567 1104 et

137 1133 329 1183 sequentia
357 1131 574 1184 deleretur,
625 1136 707 1186 ipse
737 1132 873 1187 Spald.
905 1135 956 1172 ad
983 1133 1040 1185 V,
1070 1139 1136 1185 10,
1162 1136 1216 1173 42
1242 1132 1481 1186 redarguit.]

250 1208 287 1259 §.
320 1213 386 1248 13.
445 1209 698 1265 deprehendat
737 1214 856 1251 etiam
895 1210 996 1253 Obr.
1038 1211 1116 1266 (ex
1153 1210 1346 1264 Argent.,
1395 1212 1430 1251 si
1463 1217 1569 1249 recte

140 1274 332 1328 conjicio)
362 1274 486 1317 Paris.
512 1282 549 1317 1.
571 1284 609 1319 5.
638 1283 676 1319 6.
705 1279 737 1319 F
741 1281 812 1317 lor.
843 1281 933 1319 fort.
963 1278 1088 1319 Amb.
1112 1283 1150 1318 1.
1209 1276 1416 1332 deprendat
1443 1274 1569 1316 Amb.

140 1345 182 1380 2.
241 1340 519 1395 deprehendant
539 1361 635 1397 quac·
662 1345 799 1385 Turio.
856 1345 1090 1399 deprendam
1118 1361 1214 1411 qu'ae
1242 1342 1380 1397 Camp.
1436 1343 1571 1397 depre-

143 1405 380 1462 hendanrque
396 1408 517 1449 Paris.
539 1416 578 1450 2.
692 1411 792 1464 leges
814 1411 889 1465 loq.
917 1411 1041 1452 Amb.
1066 1418 1104 1451 1.
1133 1427 1215 1450 non
1234 1413 1353 1451 male.
1465 1426 1572 1450 com-

142 1473 292 1524 posita,
330 1488 410 1514 0111.
439 1487 544 1526 sunt,
583 1479 701 1519 etiam
729 1478 854 1518 Amb.
873 1484 913 1518 2.
944 1481 1019 1517 sint
1050 1495 1216 1532 compos·
1246 1477 1354 1517 Flor.

258 1551 292 1605 ξ.
327 1552 392 1592 14.
450 1569 549 1594 serv.
576 1566 686 1595 metr.
716 1555 853 1596 Turic.
883 1556 991 1596 Flor.
1020 1555 1144 1597 Amb.
1169 1560 1207 1596 1.
1238 1554 1376 1608 Camp.
1396 1552 1504 1595 Jens.
1534 1562 1573 1593 et

147 1614 239 1656 edd.
268 1628 369 1670 post.
403 1629 494 1659 ante
525 1618 680 1675 Gryph.

259 1699 295 1747 §.
329 1701 394 1736 16.
449 1700 544 1752 maj.
583 1715 665 1739 cur.
699 1702 798 1754 jam.
835 1700 944 1742 Jens.
987 1709 1026 1740 et
1063 1702 1150 1740 rell.
1182 1700 1272 1740 edd.
1303 1707 1392 1739 ante
1421 1697 1572 1752 Stoen,

149 1773 238 1800 cxc.
266 1762 366 1803 ΑΜ.
478 1777 638 1821 utraque
666 1772 791 1809 omitt.
822 1767 949 1818 Obr.‚
991 1783 1042 1808 ex
1068 1766 1236 1821 Argent.
1265 1769 1452 1819 profecto,
1483 1783 1575 1807 cum

149 1822 309 1880 Turic.;
359 1832 502 1871 retinet
536 1831 661 1874 Amb.
693 1839 731 1875 1.
772 1849 865 1875 cum
901 1837 1050 1875 ceteris.
1162 1844 1303 1874 vocant
1330 1833 1454 1874 Amb.
1484 1839 1522 1873 1.
1554 1848 1576 1872 a

149 1905 210 1943 pr.
238 1909 294 1934 m.
325 1900 440 1939 Voss.
462 1903 500 1940 1.
523 1906 563 1941 3.

264 1973 299 2025 §.
333 1980 399 2017 17.
459 1977 596 2018 decore
623 1993 715 2017 cum
743 1977 862 2018 Bodl.
891 1977 1037 2019 Joann.
1066 1976 1156 2018 Bal.
1187 1979 1306 2016 etiam
1323 1976 1430 2016 Flor.
1452 1975 1577 2017 Amb.

157 2039 196 2075 1·
217 2043 256 2078 2.
286 2039 409 2083 Paris.
442 2049 481 2084 1.
509 2050 551 2085 2.
580 2048 618 2085 5.
649 2044 786 2098 Camp.
815 2044 924 2085 Jens.
953 2044 1074 2085 Tarv.
1133 2043 1244 2096 [Hoc
1272 2045 1444 2083 malebat
1470 2053 1579 2097 post-

155 2101 231 2142 hac
261 2105 516 2163 Spaldingius
545 2113 686 2151 collato
715 2114 803 2152 loco
831 2109 908 2164 IV,
930 2117 971 2163 2,
994 2115 1068 2162 19,
1122 2111 1193 2149 sed
1227 2119 1425 2164 praeterea
1453 2113 1579 2161 conji-

155 2172 283 2212 ciebat
307 2173 466 2228 decore,
502 2177 622 2231 turm]

268 2251 302 2302 §.
338 2257 404 2294 18.
462 2256 612 2296 accedit
640 2254 775 2295 Turio.
803 2253 912 2296 Flor.
941 2254 1080 2308 Camp.
1138 2253 1292 2294 accedet
1314 2256 1432 2294 etiam
1453 2251 1580 2294 Amb.

162 2319 201 2353 2.
230 2315 351 2358 Paris.
369 2327 409 2360 2.
429 2322 470 2362 4.
491 2326 530 2363 5.
587 2322 736 2362 accidet
762 2322 887 2363 Paris.
908 2329 947 2363 1.
1004 2321 1164 2362 accedat
1192 2321 1314 2362 Paris.
1333 2325 1373 2361 3.
1486 2336 1583 2359 ora-

161 2384 306 2421 toribus
344 2388 433 2427 edd.
471 2391 680 2443 pleraeque
719 2398 814 2429 vest.
925 2389 1028 2444 quod
1065 2391 1218 2443 quisque
1245 2404 1427 2441 nequam,
1475 2387 1582 2440 quod

163 2460 397 2503 magnopere
424 2457 553 2507 placet
579 2455 836 2504 Burmanno,
885 2457 955 2495 sed
983 2458 1066 2495 siue
1095 2470 1209 2495 causa
1238 2455 1404 2504 idonea,
1453 2455 1582 2503 judice

162 2512 416 2571 Spaldingio‚
460 2521 595 2563 Turio.
633 2523 741 2563 Flor.
781 2522 893 2563 Ahn.
931 2521 1055 2562 Amb.
1084 2527 1121 2562 1.
1163 2523 1265 2575 (nisi
1304 2522 1409 2574 quod
1446 2519 1583 2559 Turic-

166 2581 295 2636 quid).
361 2589 526 2642 quisquis
564 2607 674 2645 unq„
721 2605 801 2630 om.
840 2589 964 2645 quod,
1004 2588 1127 2630 Amb.
1145 2594 1185 2629 2.
1242 2588 1335 2642 quid
1368 2590 1450 2643 quis
1495 2603 1584 2641 unq.
