1721 2974
158 154 238 193 340
591 143 864 201 supplementa.
890 145 1161 184 annotationis

159 280 214 317 pr.
234 276 291 302 m.
320 260 427 301 Flor.
449 258 622 299 libertas.
716 259 901 296 vicinum.
951 255 1088 296 Turio.
1120 271 1143 295 a
1162 270 1221 310 pr.
1242 269 1296 295 m.
1315 256 1516 296 vicinium.

162 328 337 371 Catulus.
388 325 524 368 Guelf.
547 325 662 366 Voss.
684 330 723 365 2.
742 322 881 377 Camp.
909 322 1099 364 Catullus.

273 420 308 471 §.
340 423 408 459 82.
467 413 635 472 estsere.
676 411 799 455 Amb.
827 419 863 453 1.
890 411 1001 469 ferre
1023 422 1092 452 est.
1141 411 1275 452 Turio.
1295 426 1317 450 a
1335 427 1396 465 pr.
1417 425 1474 451 m.
1496 408 1602 451 Flor.

159 486 300 541 Cfflnp.
330 483 522 541 eslfi'rreo
609 497 849 521 scurrarum·
900 479 1038 519 Turic.
1069 493 1092 518 a
1110 495 1169 533 pr·
1188 493 1244 518 mo
1272 495 1489 519 scararum-

158 557 302 609 utique.
350 550 471 592 Goth.
492 551 632 603 itaque.
719 559 824 603 quot.
861 547 999 588 Turio.
1023 561 1045 586 a
1061 562 1122 600 pr.
1143 562 1198 588 m.
1218 545 1336 602 quocl.
1421 544 1602 600 Ideoque.

157 622 266 663 Jens.
288 629 327 660 et
346 619 437 658 edd.
461 625 552 655 ante
572 614 670 656 Ald.
696 615 798 656 icleo.

271 710 308 761 §.
341 712 408 747 83.
470 703 585 744 riclic.
606 713 662 743 est
687 702 770 744 ind.
820 702 888 744 Sic
917 705 1040 742 etiam
1068 702 1177 744 Flor.
1196 702 1308 744 Sich.
1395 702 1607 743 tolerabili.

157 776 226 818 Sic
254 778 375 815 etiam
398 771 524 812 Amb.
551 776 591 812 1.
627 769 736 812 Flor.
766 770 857 811 Par.
882 775 920 810 1.
942 776 983 811 2.
1041 770 1245 810 tolerabile
1272 785 1430 825 quoque
1452 768 1606 810 Cel-vic.

158 841 314 884 liberali
332 840 467 890 Sich„
507 848 676 894 utraque
700 839 821 879 editio
842 838 965 878 habet
986 841 1107 878 etiam
1123 838 1281 878 homini.
1367 840 1607 892 impotenter.

156 910 282 952 Aan.
307 914 346 948 1.
383 906 493 948 Flor.
525 905 665 960 Camp.
694 921 855 961 quoque
882 915 1072 960 potenter.
1160 905 1278 960 quocl.
1331 904 1471 959 Camp.
1498 904 1607 959 quid.

240 975 331 1016 adv.
357 992 397 1013 se
418 974 598 1029 loquenti.
656 972 795 1014 Turio.
818 987 840 1011 a
857 988 918 1026 pr.
939 987 994 1014 m.
1014 972 1104 1013 adv.
1127 972 1327 1026 eloquenti.
1378 972 1412 1013 F
1414 976 1489 1012 lor
1515 971 1606 1012 aclv.

157 1043 403 1098 cloquentem.
505 1040 734 1096 Colaphum.
784 1039 922 1080 Turio.
957 1056 979 1080 a
998 1057 1058 1094 pr.
1078 1055 1136 1079 m.
1167 1039 1277 1081 Flor.
1306 1037 1429 1081 Goth.
1461 1037 1605 1093 camp.

158 1122 196 1152 et
219 1113 309 1152 edd.
333 1120 424 1150 ante
446 1109 558 1150 Sich.
581 1108 798 1163 colophum.
885 1108 1072 1148 scribam.
1110 1105 1220 1148 Flor.
1240 1111 1362 1148 etiam
1381 1107 1520 1148 scribe.

157 1179 272 1236 quod.
327 1177 436 1219 Flor.
463 1179 567 1231 quia.

272 1269 309 1318 §.
340 1268 403 1308 84.
462 1282 596 1319 genus.
645 1263 785 1305 Turio.
806 1278 828 1302 a
846 1279 906 1318 pr.
926 1278 981 1304 m.
998 1280 1107 1318 gens,
1196 1282 1222 1304 a
1249 1263 1471 1305 lacessente.
1518 1262 1609 1304 Tu·-

158 1339 224 1376 ric.
255 1351 277 1375 a
305 1351 365 1388 pr.
396 1350 449 1374 m.
477 1333 746 1373 alascescente.
806 1329 948 1384 Camp.
979 1330 1091 1372 Sich.
1121 1348 1148 1371 a
1179 1331 1402 1372 lacescente.
1514 1333 1612 1385 poni

159 1403 268 1443 solet.
317 1402 425 1442 Flor.
444 1418 486 1455 p.
509 1399 616 1438 debet
638 1411 653 1438 t
676 1398 751 1439 sol.
841 1398 1050 1455 quodfer.
1089 1398 1228 1453 Camp.
1251 1399 1400 1456 quidf:
1491 1398 1610 1451 Quicl.

158 1471 297 1512 Turio.
333 1486 353 1508 a
373 1486 432 1523 pr.
458 1484 510 1507 m.
539 1467 647 1508 Flor.
674 1466 793 1521 quod.
909 1467 1030 1507 abest.
1077 1466 1205 1508 Amb.
1241 1473 1279 1508 1.
1314 1465 1347 1506 F
1349 1470 1422 1507 lor.
1448 1482 1611 1522 quoque

160 1547 230 1578 est.
320 1536 433 1576 illud.
479 1534 618 1576 Turio.
643 1550 665 1573 a
684 1550 745 1588 pr.
764 1549 821 1573 m.
842 1532 952 1574 Flor.
973 1534 1048 1574 illi.
1140 1533 1312 1575 Vatinii.
1350 1534 1488 1575 Turio.
1510 1549 1532 1573 a
1548 1550 1611 1589 pr.

160 1620 213 1645 m.
234 1603 391 1643 Vatini.
482 1602 679 1642 Ovinium.
727 1599 855 1641 Amb.
879 1606 918 1643 1.
942 1602 1109 1643 obvium.
1148 1602 1286 1643 Turic.
1308 1617 1330 1642 a
1346 1617 1408 1656 pr.
1426 1617 1480 1644 m.
1498 1601 1532 1643 F
1534 1605 1609 1644 lor.

160 1675 302 1713 ovium.
392 1670 520 1710 libert.
539 1672 586 1723 ej.
635 1666 777 1722 Camp.
801 1670 848 1721 ej.
872 1667 898 1707 l.

276 1761 314 1811 §.
344 1766 411 1801 85.
471 1758 769 1798 simulationem.
815 1755 850 1797 F
853 1760 925 1797 lor.
957 1757 1237 1798 simulationes.
1330 1767 1366 1796 et
1384 1757 1613 1798 dissimula-

159 1831 314 1869 tionem.
371 1827 481 1867 Haec
511 1827 701 1865 omittunt
733 1827 855 1865 etiam
882 1823 1006 1864 Amb.
1026 1830 1060 1865 1.
1090 1823 1198 1867 Flor.
1230 1823 1321 1865 Par.
1355 1830 1392 1864 1.
1415 1830 1456 1866 2.
1544 1824 1614 1864 sed

161 1895 289 1935 simul.
328 1893 437 1935 Flor.
459 1896 582 1933 etiam
603 1895 638 1932 si
660 1909 695 1934 s.
782 1902 942 1933 certam.
973 1889 1114 1946 Camp.
1138 1895 1261 1932 circa.
1346 1909 1409 1932 an.
1432 1894 1495 1931 sui
1513 1895 1613 1932 imit.

161 1961 269 2003 Flor.
290 1964 389 2002 imit.
414 1972 503 2001 sunt
523 1978 588 2001 an.
684 1976 724 1999 se
739 1976 894 2014 parum.
945 1958 1013 2000 Sic
1034 1962 1155 2000 etiam
1176 1958 1286 2000 Flor.
1384 1958 1493 2016 Afir
1512 1976 1612 1999 cum.

162 2028 230 2070 Sic
262 2032 384 2069 etiam
411 2029 538 2069 Amb.
572 2033 610 2069 1.
643 2026 752 2068 Flor.
781 2026 872 2067 Par.
908 2031 946 2066 1.
979 2033 1018 2067 2.
1134 2026 1181 2065 tle
1202 2045 1253 2069 re.
1302 2026 1415 2068 Sich.
1448 2041 1612 2082 quoque

163 2096 319 2136 diceret.
435 2113 547 2151 quae.
605 2094 673 2136 Sic
707 2097 831 2134 etiam
875 2093 1004 2135 Amb.
1040 2099 1078 2135 1.
1114 2094 1224 2137 Flor.
1261 2096 1352 2137 Par.
1388 2099 1425 2134 1.
1457 2099 1496 2135 2.

162 2163 289 2203 videri
316 2163 408 2204 sibi.
453 2163 593 2217 Camp.
623 2179 656 2204 s.
686 2178 723 2203 v.

277 2254 315 2305 §.
347 2256 415 2294 86.
474 2262 683 2293 accusator
712 2274 769 2282 ——
797 2251 995 2307 numquid.
1050 2251 1177 2293 Amb.
1211 2257 1248 2292 1.
1277 2253 1397 2291 etiam
1423 2259 1611 2290 accusato

165 2320 208 2361 (ἶί
235 2321 303 2361 Μ.
336 2321 469 2360 tullius
497 2323 632 2376 inquit.
680 2318 790 2360 Flor.
820 2331 1005 2360 accusato
1034 2319 1135 2374 (sec.
1161 2335 1214 2360 m.
1243 2320 1385 2370 adjecit
1416 2317 1483 2372 ri)
1514 2317 1611 2356 dicit

164 2388 231 2428 M.
249 2388 382 2427 tullius
404 2391 540 2443 inquit.
649 2386 793 2428 Sexto.
848 2387 958 2428 Flor.
983 2386 1104 2429 Goth.
1128 2387 1268 2440 Camp.
1300 2401 1390 2427 sex.
1495 2387 1608 2426 enim.

165 2453 234 2495 Sic
253 2460 377 2495 etiam
398 2454 433 2497 F
434 2459 506 2496 lor.
523 2455 614 2497 Par.
632 2461 670 2496 1.
771 2455 880 2508 Quis.
929 2454 997 2496 Sic
1019 2459 1138 2496 etiam
1158 2453 1267 2496 Flor.
1286 2453 1377 2494 Par.
1400 2457 1439 2494 1.

273 2545 312 2596 ᾧ.
343 2550 411 2587 87.
472 2544 678 2585 Cascellio.
722 2544 850 2586 Amb.
874 2550 912 2586 1.
929 2544 1038 2586 Flor.
1057 2545 1148 2586 I’ar.
1172 2551 1210 2586 1.
1241 2543 1431 2584 Cascelio.
1516 2558 1611 2582 con-

165 2609 320 2653 sultori.
366 2612 492 2652 Amb.
515 2617 552 2653 1.
578 2611 687 2654 Flor.
707 2628 870 2669 quoque
891 2612 1166 2654 consultatori.
1260 2610 1428 2653 Navem.
1482 2607 1606 2651 Goth.
