1721 2974
176 169 259 206 208
633 164 905 219 Supplementa
935 166 1201 206 annotationis

175 278 310 333 aliqua,
338 279 396 317 ita
421 276 501 318 des.
550 276 659 317 Flor.
689 276 780 316 Par.
809 281 850 316 2.
881 287 986 331 quot.
1017 277 1132 316 aliter
1157 280 1215 317 ita
1242 281 1329 334 ipsa
1356 280 1434 322 des.
1492 280 1622 322 Amb.

180 352 218 386 1.
259 348 385 386 omitt.
426 345 573 399 aliqua.
688 353 724 381 et
756 345 821 383 iis.
878 342 1003 382 Amb.
1037 350 1073 384 1.
1115 343 1228 385 Sich.
1266 358 1301 385 et
1331 346 1405 387 his.
1518 348 1622 403 quod

174 430 252 453 non
276 430 357 453 arr.
409 411 510 453 Obr.
540 413 666 450 omitt.
696 427 785 449 non.
893 413 986 464 quia
1016 422 1116 452 sunt.
1174 411 1300 454 Amb.
1319 420 1358 455 2.
1391 413 1512 454 Bern.
1545 432 1622 469 qua

174 477 275 522 sunt.
390 479 614 533 quibuscum
649 479 723 529 egi.
781 476 918 518 Turio.
944 493 1043 531 apr.
1061 495 1116 520 m.
1147 479 1255 520 Flor.
1286 480 1412 522 Amb.
1436 488 1476 523 2.
1507 498 1543 536 q.
1575 484 1622 522 ei.

175 548 312 590 Guelf.
341 564 378 602 q.
409 561 488 598 ego.
600 546 776 583 mentiar.
832 544 941 585 Flor.
973 562 1117 600 quoque
1144 550 1323 587 mentior.
1385 550 1465 601 [De
1497 565 1624 603 quan-

173 629 362 669 tacunque
389 628 458 665 pro
498 610 832 666 quantulacunque
860 615 910 652 cf.
942 616 1062 652 etiam
1095 612 1177 654 Cic.
1209 630 1249 667 p.
1278 613 1408 655 Arch.
1438 632 1470 655 0.
1503 616 1563 667 6.]

288 685 319 734 §.
341 686 406 721 87.
456 689 480 717 t.
505 695 580 717 non
606 681 1035 733 saepius—oportebit.
1081 680 1256 722 Amb.1.
1282 699 1358 722 non
1385 683 1428 722 iel
1455 685 1624 737 ,εκ-ορ.

177 752 304 806 [uncle
336 751 443 799 origo
465 749 681 798 scripturae
702 744 904 787 Ahnelov.
938 756 977 786 et
999 747 1135 789 Turio.
1164 751 1207 787 fit
1226 750 1454 802 manifesta]
1495 749 1621 790 Amb.

172 826 212 860 2.
242 818 425 857 Par.1.2.
439 819 474 855 5.
506 816 640 853 olmlia
663 814 762 853 haec
780 816 900 853 verba
924 823 1014 853 ante
1042 816 1232 869 oportebit
1263 821 1466 858 omittunt.
1511 817 1635 863 Sich.

173 903 246 925 71011
277 901 308 923 s,
327 881 371 938 f
405 881 489 921 alia
519 898 560 919 re
588 881 792 935 oportebit.
890 898 1108 936 sequamur.
1161 881 1284 923 Goth.
1308 896 1523 939 sequantur.

172 956 380 1006 signatum.
439 948 569 990 Colin.
612 953 864 1002 resignatum.
978 952 1177 1003 optimum.
1229 950 1342 990 Sunt.
1408 951 1476 992 Sic
1501 956 1622 992 etiam

170 1019 294 1060 Amb.
315 1024 354 1058 2.
383 1016 492 1056 Flor.
524 1032 545 1055 a
573 1033 632 1070 pr.
656 1033 711 1056 m.
743 1016 858 1057 Alm.
887 1017 978 1057 Par.
1006 1022 1043 1057 5.
1106 1028 1360 1070 opportunum
1403 1031 1472 1059 est.
1522 1019 1621 1069 Sunt

171 1087 257 1128 I’ar.
285 1091 320 1126 1.
381 1084 592 1137 Singulare
621 1085 772 1139 aliquid
802 1084 924 1123 habet
952 1082 1079 1123 Aan.
1103 1089 1140 1123 1.
1172 1088 1375 1138 optimum,
1404 1086 1540 1140 palam
1566 1098 1621 1125 est

172 1157 269 1194 enim
293 1155 560 1208 praecessisse,
593 1163 679 1190 sunt
709 1161 782 1192 cet.
839 1151 977 1190 Verba
1003 1151 1138 1190 addita
1167 1155 1347 1205 quamvis
1369 1154 1502 1193 deesse
1527 1169 1621 1207 pos-

169 1227 262 1273 sint,
292 1237 376 1260 11011
406 1223 566 1273 sapiunt
595 1229 731 1259 tamen
761 1222 982 1259 librarium.

284 1291 319 1341 §.
360 1293 427 1328 88.
483 1303 604 1339 genus
640 1298 708 1327 est.
776 1286 843 1327 Sic
877 1290 997 1325 etiam
1031 1285 1167 1338 Flor.,
1209 1297 1248 1328 et
1277 1286 1407 1328 Colin.
1437 1304 1490 1327 ex
1529 1289 1619 1329 edd.

172 1367 263 1397 ante
294 1355 449 1409 Gryph.
567 1354 789 1407 adjuvatur.
847 1352 982 1394 Guelf.
1007 1356 1187 1407 juvatur.
1305 1359 1563 1395 commiserat.

172 1424 307 1466 Guelf.
336 1422 461 1462 Amb.
478 1428 517 1462 2.
550 1425 798 1462 commiserit.
902 1421 1162 1462 Interamnae.
1210 1421 1316 1461 Flor.
1346 1426 1619 1462 interr-ammae.

228 1490 351 1532 Goth.
390 1493 627 1528 intcrannae.
693 1489 803 1530 Jens.
844 1489 1089 1529 Inter-annae.
1237 1490 1430 1530 tuendum.
1506 1489 1616 1530 Jens.

108 1591 112 1598 .
170 1559 269 1601 Loc.
302 1558 411 1598 Ven.
451 1557 686 1597 intuendum.
815 1557 907 1596 clici.
973 1554 1107 1595 Gue1f.
1150 1556 1254 1596 eluci.
1313 1557 1541 1611 [Uberrima
1573 1558 1621 1596 de

171 1629 249 1667 1100
289 1625 420 1666 colore
455 1625 669 1677 disputatio
703 1633 760 1664 est
790 1624 877 1665 Nic.
915 1623 1036 1663 Fabri
1064 1626 1114 1664 ad
1145 1625 1291 1665 senec.
1331 1634 1432 1678 patr.
1472 1641 1511 1678 p.
1551 1626 1618 1665 69.

170 1694 366 1749 Spalding
367 1692 394 1743 .]

285 1765 320 1812 §.
368 1764 436 1800 89.
504 1769 792 1811 utrumcunque.
851 1757 959 1799 Jens.
994 1757 1096 1799 Loc.
1136 1759 1244 1799 Ven.
1287 1770 1499 1813 utrumque.

165 1833 373 1886 fingemus.
444 1825 511 1866 Sic
548 1828 669 1865 etiam
701 1824 810 1864 Flor.
850 1841 981 1880 neque
1013 1842 1064 1865 ex
1097 1825 1219 1865 Ajnb.
1252 1832 1287 1866 1.
1327 1829 1543 1880 quicquam
1573 1829 1620 1865 ab

174 1896 449 1939 Obrechtiana
477 1896 670 1946 scriptura
691 1893 891 1931 diversmn
917 1902 1090 1932 notatur.
1195 1895 1231 1932 si
1252 1896 1459 1945 continget.
1493 1893 1620 1932 Amb.

172 1972 211 2006 1.
243 1964 406 2017 <partim
438 1977 460 1999 a
493 1977 572 2001 sec.
601 1959 674 2015 m.)
705 1975 867 2015 quoque
897 1963 932 1998 si
961 1962 1180 2013 contigerit,
1213 1976 1306 1999 cum
1330 1959 1421 2000 Par.
1439 1965 1474 2000 1.
1500 1975 1521 1998 a
1541 1976 1620 1999 sec.

169 2050 224 2073 m.
262 2032 368 2072 Flor.
410 2046 432 2070 a
462 2046 518 2083 pr.
546 2044 601 2068 111.
643 2030 678 2066 si
721 2031 887 2066 continet
923 2031 1036 2080 gerit.
1093 2026 1228 2068 Guelf.
1270 2028 1387 2068 Voss.
1418 2032 1456 2066 3.
1498 2026 1620 2066 Bern.

171 2100 292 2142 Goth.
319 2099 432 2138 Vall.
467 2096 569 2137 Bad.
608 2097 667 2134 sic
703 2097 909 2148 continget.
975 2094 1105 2135 Colin.
1145 2093 1301 2149 Gryph.
1341 2097 1377 2133 si
1405 2096 1620 2146 contingat.

283 2169 399 2206 eliam
428 2181 551 2204 verae.
607 2162 713 2202 Edd.
754 2178 775 2201 a
815 2161 942 2202 Stoer.
980 2163 1073 2201 inde
1114 2171 1205 2202 ante
1243 2160 1353 2202 Gibs.
1388 2164 1526 2201 inserr.
1565 2171 1621 2200 ut.

171 2236 280 2278 Gibs.
327 2237 443 2273 etiam
480 2249 583 2271 vere.
711 2229 814 2284 quosl
849 2232 906 2284 fit
947 2232 986 2267 in
1010 2246 1156 2284 causa.
1219 2228 1326 2269 Flor.
1368 2242 1529 2282 quoque
1575 2242 1622 2266 o-

169 2309 272 2345 mitt.
301 2305 374 2357 fit.

289 2371 326 2420 §.
359 2375 423 2409 90.
481 2365 642 2406 accidit.
684 2363 837 2404 *Etiam
867 2362 992 2402 Amb.
1020 2368 1056 2403 1.
1081 2369 1118 2404 2.
1147 2361 1250 2402 Flor.
1287 2360 1376 2401 Par.
1401 2367 1436 2402 3.
1459 2367 1496 2402 5.
1527 2376 1621 2401 cum

173 2439 265 2478 edd.
300 2453 362 2490 ap.
394 2435 534 2476 Burm.
565 2432 730 2472 caecidit.
788 2429 927 2483 [Quod
955 2440 1114 2483 propter
1138 2431 1409 2468 auctoritatem
1435 2430 1620 2467 codicum

172 2506 448 2558 recipiendum
476 2503 633 2541 videtur
668 2509 707 2539 et
736 2499 1019 2551 explicandum
1041 2499 1090 2536 de
1122 2499 1313 2535 obliviosa
1338 2499 1619 2534 mentientium

173 2571 399 2622 memoria]
505 2568 697 2623 quaedam
726 2569 823 2604 enim
845 2576 951 2620 part.
1007 2564 1213 2605 Omittuut
1242 2565 1340 2601 enim
1371 2566 1491 2601 etiam
1510 2561 1612 2600 Flor.

173 2638 298 2680 Aan.
331 2646 369 2680 2.
401 2639 491 2678 Par.
515 2642 551 2676 1.
571 2641 611 2676 2.
637 2640 679 2676 5.
708 2632 821 2673 Sich.
937 2650 983 2671 ne
1007 2635 1070 2671 iis.
1119 2629 1245 2670 Amb.
1271 2635 1308 2670 1.
1340 2628 1475 2670 Guelf.
1504 2627 1614 2669 Sich.
