1695 2974
317 145 369 184 ad
399 144 561 198 Quintil.
592 143 761 183 Institut.
794 141 828 191 Ῑ,
859 157 1032 194 prooem.
1068 142 1104 190 §.
1143 145 1308 180 1—12.
1513 147 1535 182 5

87 263 239 314 potuit,
272 274 372 297 num
405 259 505 298 adsit
533 257 636 297 nihil
664 266 749 310 post
779 257 930 303 exist.)
963 253 1104 306 Camp.
1137 254 1228 296 edd.
1254 262 1416 306 posterr.
1445 263 1537 293 ante

86 327 269 378 Amulii,
320 337 358 366 et
396 335 484 380 post
531 341 626 365 eum
666 325 768 365 Bad.
810 324 962 364 cervia.
1006 321 1157 362 Vidov.
1204 321 1335 361 Colin.
1440 324 1540 376 fieri

87 407 284 436 oratorem
323 411 398 433 non
433 384 572 447 ροέεες
620 397 676 434 ita
708 392 828 435 Gesn.
867 391 1001 440 Flor.,
1053 391 1144 429 fort.
1178 387 1302 429 Goth.
1336 399 1374 430 et
1403 388 1537 430 Guelf.

75 467 176 519 ficri
216 479 291 502 non
325 458 440 517 posse
479 472 580 501 orat.
623 461 759 502 Turio.
802 460 928 501 Amb.
973 463 1010 498 1.
1053 456 1193 511 Camp.
1236 456 1345 497 Jeus.
1378 467 1417 497 et
1447 459 1535 496 edd.

85 541 250 586 posterr.
292 539 384 571 ante
417 529 555 580 Sich.;
599 532 745 583 reliqui
775 539 877 570 orat.
909 543 984 567 non
1010 544 1051 581 ρ.
1070 524 1142 584 f,
1191 524 1293 565 Obr.
1327 542 1403 565 non
1429 541 1541 578 posse

73 601 173 654 fieri
201 616 259 640 or.
377 614 494 652 quam
524 612 604 637 om.
635 595 791 649 Bodlej.

199 671 235 720 §.
278 671 317 706 6.
387 664 586 704 Effare-elle
625 664 800 704 Victori.
859 663 1005 704 Marce
1056 659 1201 702 Victor
1253 660 1392 702 Turio.
1433 660 1540 701 Flor.

84 734 284 774 Marcelle
306 733 450 774 Victor
472 731 572 773 Obr.
628 731 754 772 Amb.
790 738 826 771 1.
859 735 1019 782 siletur,
1050 733 1094 770 in
1123 732 1262 770 ceteris
1292 733 1390 770 locis
1421 730 1544 769 habet

83 790 152 842 W.
187 801 360 842 Victori.
479 800 608 839 studio
643 815 714 853 pro
750 816 882 840 amore
913 798 1046 850 Flor.;
1092 798 1169 838 hoc
1209 807 1370 837 tantum
1408 814 1540 852 supra.

165 885 400 924 quamquam
430 870 507 906 sint
537 884 683 920 magna
710 867 810 908 Tur.
842 866 950 908 Flor.
981 866 1101 907 Voss.
1134 872 1172 908 3.
1210 864 1339 907 Amb.
1365 872 1402 907 1.
1433 866 1541 908 Jens.

84 940 206 978 Tarv.
246 935 347 977 Loc.
386 936 497 977 Ven.
619 934 739 975 Gelae
776 946 854 976 tuo.
894 935 962 975 Sic
1000 933 1128 974 Amb.
1165 940 1202 974 1.
1262 932 1326 972 De
1367 937 1543 988 prosario

85 1021 162 1045 usu
191 1008 298 1046 vocis
329 1008 414 1043 nati
439 1020 510 1058 pro
538 1007 619 1044 filio
651 1005 787 1043 confer
818 1001 982 1044 Cellarii
1014 1001 1108 1043 Cur.
1140 1011 1284 1055 poster.
1320 1019 1360 1055 p.
1393 1008 1473 1043 301
1507 1012 1546 1042 et

34 1070 37 1073 ¹
85 1072 351 1126 Oudendorp.
383 1075 434 1112 ad
467 1072 549 1112 Cic.
583 1073 631 1110 de
660 1069 747 1110 Inv.
778 1069 812 1122 I,
843 1075 910 1112 23.
1024 1069 1277 1126 manifestum
1299 1074 1374 1109 iter
1401 1070 1454 1109 acl
1483 1073 1545 1109 in-

82 1143 190 1194 genii
219 1140 358 1180 lumen.
417 1138 479 1179 Ita
511 1138 651 1192 Camp.
682 1138 774 1180 Par.
801 1144 827 1178 2
857 1148 896 1179 et
922 1153 1060 1191 margo
1090 1138 1214 1178 Paris.
1254 1143 1291 1178 1.
1332 1155 1436 1178 man.
1461 1141 1547 1192 jam

86 1211 165 1261 ing.
198 1207 323 1247 Zmnen
354 1207 424 1261 (ut
453 1205 553 1246 Ald.
588 1205 656 1260 2.)
687 1205 814 1246 Amb.
851 1212 887 1246 1.
919 1223 1023 1246 man.
1058 1208 1137 1258 ing.
1170 1205 1295 1244 lumen
1323 1205 1430 1245 Flor.
1465 1207 1543 1257 (al.

88 1292 144 1316 m.
175 1279 219 1314 in
248 1290 373 1327 marg.
405 1277 591 1327 apposuit
613 1273 725 1327 jam)
766 1274 856 1313 Par.
892 1279 931 1313 1.
990 1272 1026 1312 E
1057 1272 1193 1312 Turio.
1233 1274 1340 1312 nihil
1370 1283 1544 1313 notatur.

174 1341 349 1382 discendi
373 1340 480 1382 Flor.
515 1339 643 1380 Amb.
677 1346 715 1380 ’1.
759 1339 885 1380 Paris.
921 1345 959 1380 1.
1001 1350 1041 1380 et
1072 1341 1162 1380 edd.
1196 1343 1350 1394 aliquot
1378 1350 1545 1380 revenit.

87 1420 132 1450 ut
152 1409 411 1451 Gesneriana.
473 1407 630 1448 dicendi
646 1410 810 1448 Pottier.
832 1409 954 1448 tradit
981 1410 1026 1447 in
1045 1407 1170 1448 Paris.
1200 1414 1239 1448 2.
1265 1417 1304 1448 et
1329 1412 1367 1449 5.
1400 1411 1547 1448 inven-

85 1478 174 1519 tmn
202 1493 298 1518 esse.

202 1548 233 1600 ᾗ.
266 1550 306 1586 7.
363 1560 575 1584 sermonem
602 1561 673 1599 per
693 1543 771 1584 bid.
793 1543 966 1584 habitum
990 1542 1089 1584 Tur.
1112 1542 1220 1585 Flor.
1243 1541 1367 1585 Goth.
1390 1542 1544 1585 Almel.

86 1615 220 1656 l‘oull.
261 1611 389 1653 Amb.
424 1616 461 1653 1.
502 1611 643 1665 Camp.
683 1610 806 1652 Tarv.
846 1611 957 1652 Ven.
1002 1628 1213 1652 sermonem
1251 1629 1293 1667 p.
1335 1612 1371 1652 b.
1415 1612 1547 1651 habito

87 1683 197 1724 Jens.
228 1697 420 1720 sermones
446 1698 499 1746 p..
521 1680 556 1719 Ζ).
589 1680 744 1719 habitos
772 1678 893 1720 Bodl.
933 1697 1107 1720 sermone
1136 1680 1273 1721 habito
1303 1681 1478 1734 reliqui.=
1585 1683 1590 1689 ’

85 1759 292 1806 potuerant
322 1757 414 1787 ante
445 1745 611 1788 Gesner.
640 1750 873 1800 legebatur,
913 1749 1024 1802 quod
1050 1751 1096 1788 in
1126 1751 1289 1802 plurim.
1320 1749 1438 1788 codd.
1466 1763 1548 1787 esse

88 1819 271 1869 videtur3
310 1816 417 1855 nihil
446 1825 553 1856 certe
581 1824 746 1856 notatur
776 1813 927 1855 eTur.
957 1815 1066 1857 Flor.
1097 1815 1225 1857 Amb.
1250 1821 1305 1868 1.,
1335 1825 1375 1856 et
1404 1816 1548 1855 diserte

88 1893 337 1925 memoratur
363 1876 571 1938 potuerant
601 1899 623 1922 e
654 1881 789 1923 Guelf.
821 1892 862 1923 et
885 1882 1010 1924 Paris.
1041 1890 1079 1925 1.
1111 1893 1150 1924 et
1179 1890 1218 1924 2.
1250 1887 1323 1939 qui
1348 1885 1460 1922 idem
1490 1892 1549 1922 est

91 1952 295 1993 Vallensis
315 1951 423 2004 apud
441 1950 544 1991 Bad.
569 1961 757 2005 ,poterant
784 1961 924 1992 tamen
954 1949 1078 1993 Goth.
1109 1949 1251 1991 Locat.
1283 1950 1366 2007 (ex
1386 1951 1545 1990 emend.

89 2022 208 2072 Regii
219 2018 247 2071 ).
276 2021 344 2060 Ex
363 2017 561 2072 Campani
583 2020 760 2060 editione
787 2019 895 2060 nihil
923 2022 1008 2072 ipse
1026 2019 1235 2073 Spalding.
1258 2035 1280 2059 a
1302 2018 1548 2059 Gesneriana

90 2090 295 2128 diversmn
324 2095 574 2135 enotaverat,
625 2088 695 2127 sed
725 2087 939 2128 Pottierius
965 2090 1010 2126 in
1040 2103 1088 2127 ea
1117 2103 1199 2127 esse
1226 2096 1436 2141 potuerant
1462 2095 1547 2125 tra-

89 2157 204 2195 didit.
293 2153 375 2192 hini
398 2156 557 2207 juvenes
586 2154 709 2195 Tarv.
741 2153 854 2210 (non
875 2164 1092 2208 praeeunte
1117 2154 1254 2201 Jens.)
1282 2153 1392 2193 Ven.
1411 2151 1545 2194 Guelf.

90 2223 192 2263 Tur.
223 2221 331 2262 Flor.
363 2219 491 2261 Amb.
514 2227 552 2262 1.
576 2220 719 2276 Camp.
737 2221 896 2262 Almel.
926 2221 1059 2263 Pouu.
1154 2221 1219 2261 vel
1245 2224 1405 2260 nimium
1435 2221 1545 2262 Jens·

87 2290 210 2332 Tarv.
241 2288 343 2330 Loc.

206 2359 238 2412 ᾗ.
272 2362 310 2398 8.
364 2359 510 2413 [quam
538 2359 752 2412 poterimus
789 2358 869 2398 dici
908 2371 980 2411 pro
1013 2366 1200 2411 quasi-ium
1223 2368 1306 2412 por.
1340 2361 1549 2398 annotavit

91 2425 351 2467 Burmannus
391 2434 430 2465 et
468 2428 641 2465 conferri
677 2428 788 2477 jussit
827 2428 985 2479 copiose
1017 2439 1062 2464 ea
1094 2425 1143 2465 de
1171 2441 1215 2464 re
1244 2434 1429 2481 agentem
1458 2425 1546 2465 Nic.

92 2493 308 2533 Heinsium
346 2493 396 2532 ud
426 2492 551 2534 Ovid.
582 2492 753 2536 Remed.
783 2509 840 2536 vs.
861 2492 977 2545 325]
1095 2491 1361 2534 elaboratiores
1388 2495 1550 2534 volebat

93 2561 298 2602 Francius.

209 2629 245 2679 §.
300 2634 364 2671 12.
450 2632 502 2670 sit
556 2630 822 2672 disserendum
876 2641 910 2670 et
958 2628 1069 2672 adeo.
1164 2629 1268 2672 Flor.
1326 2627 1452 2671 Amb.
1511 2634 1545 2668 1.
