1721 2974
88 136 139 170 56
525 132 797 189 Supplemcnta
827 135 1090 179 annotationis

658 279 749 321 CA
782 296 820 321 1’.
880 278 969 319 lx.

204 380 241 429 ξ.
276 382 312 416 1.
372 378 418 417 de
438 380 592 436 qffieiis.
653 381 700 419 cle
722 381 854 437 officio
876 379 1002 420 Amb.
1026 386 1064 421 1.
1178 380 1222 421 id
1239 395 1366 423 unum.
1415 385 1456 423 in
1475 400 1538 429 un,

96 444 218 487 etiam
240 447 344 484 Flor.
371 445 497 487 Amb.
521 454 560 489 2.
583 447 705 489 Paris.
732 453 769 488 1.
804 447 960 502 Camp..

208 513 245 564 §.
278 518 317 552 2.
378 514 542 570 confert.
599 514 773 572 conferet
807 513 936 557 Amb.
969 521 1033 569 1.‚
1083 526 1130 558 ut
1166 520 1325 558 volebat
1352 516 1544 559 Francius

97 579 206 630 apud
239 578 535 622 Burmanuum.
650 593 686 622 et
715 581 882 626 alacres,
940 594 976 623 et
1003 587 1132 629 omitt.
1170 585 1308 626 Turio.
1344 601 1368 625 a
1395 600 1452 626 m.
1481 601 1542 639 pr.

98 643 213 685 Ajm.
235 646 339 687 Flor.
364 647 489 695 Amb.
512 656 551 697 2,
612 649 840 705 alacresque
865 648 992 694 Amb.
1018 656 1055 692 1.
1086 652 1204 696 Voss.
1228 658 1267 693 3.

211 715 247 765 §.
279 719 318 755 3.
378 726 419 754 ut
437 715 593 777 illoram
612 719 785 773 qfficium
802 727 871 757 est.
931 728 973 757 ut
1004 721 1044 758 in
1073 719 1132 759 ill.
1163 720 1296 775 officio
1322 729 1379 759 est
1405 718 1544 759 Turio.

99 794 123 825 a
143 795 220 821 sec.
242 796 297 819 m.
330 781 460 836 (prius
481 793 563 823 erat
581 786 714 840 qffi'cio
727 816 738 836 ,
768 785 838 825 sed
858 799 937 825 om.
958 788 1021 835 in,
1051 795 1098 826 ut
1118 796 1176 826 est
1194 790 1239 826 in
1257 785 1403 841 Alm.)
1424 785 1545 826 BodJ.

101 845 242 901 Camp.
311 860 351 888 ut
389 849 451 897 ill,
492 852 619 907 officii
653 864 709 891 cst
744 852 851 896 Flor.
966 855 1149 910 szffficiet,
1209 855 1357 910 sufficit
1390 862 1547 907 praeter

97 912 214 960 Alin.
239 919 358 958 etiam
382 915 518 957 Turio.
537 918 645 959 Flor.
664 919 788 960 Paris.
816 925 854 960 1.
878 926 917 961 2.
941 925 978 960 3.
1011 920 1152 974 Camp.
1178 920 1280 963 Obr.
1303 924 1396 961 fort.
1417 919 1545 961 Amb.

101 986 140 1020 1.
255 983 468 1039 cmgfbrtur.
528 987 596 1041 qffi
638 985 778 1043 Camp.
891 987 1063 1044 foverit.
1108 988 1272 1046 foveret
1301 988 1411 1029 Jens.
1445 985 1546 1030 Loc.

95 1047 251 1101 fuderit
266 1049 392 1092 Amb.
415 1057 453 1092 1.
511 1056 612 1094 verit
631 1053 748 1096 Ahn.
807 1059 929 1095 verrit
951 1054 983 1094 F
986 1058 1060 1096 lor.
1118 1059 1235 1096 vertit
1263 1054 1401 1100 Turio.
1458 1069 1549 1094 ver-2

99 1118 190 1155 terit
213 1116 353 1172 Camp.
412 1119 555 1166 sulcus.
615 1139 754 1169 succus
777 1123 916 1170 Turio.
950 1121 1091 1178 Camp,

679 1247 713 1290 C
746 1262 774 1289 A
807 1264 846 1291 Ρ.
905 1246 966 1293 Χ.
1403 1301 1407 1306 ¹

216 1320 253 1371 §.
290 1327 326 1361 1.
383 1340 513 1377 parva
532 1336 634 1366 sunt.
689 1344 733 1381 p.
755 1330 833 1366 sint
852 1326 961 1367 Flor.
1066 1340 1117 1365 ac
1135 1326 1235 1365 satis
1253 1339 1387 1365 exerc.
1401 1309 1415 1322 ⁷
1436 1333 1553 1379 atque

100 1402 134 1426 s·
158 1403 189 1426 e.
221 1386 356 1430 Guelf.
416 1402 532 1446 atque
556 1410 588 1433 e.
600 1423 613 1443 ,
653 1408 732 1433 0111.
762 1397 882 1444 satis,
913 1392 1041 1434 Amb.
1068 1397 1105 1433 1.
1221 1391 1434 1445 ingredior.
1486 1389 1552 1435 Ita

100 1457 254 1506 lta-Imus
287 1457 417 1510 dedit,
458 1463 658 1514 quantum
684 1462 826 1512 video,
869 1461 1026 1502 Stoern
1015 1493 1027 1512 ,
1078 1462 1246 1500 silentur
1274 1458 1411 1498 Turio.
1440 1458 1549 1504 Flor,

102 1518 226 1561 Amb.
251 1527 287 1564 1.
312 1523 452 1579 Camp.
515 1526 711 1581 [Pottier.
732 1531 888 1570 notavit
908 1527 1109 1582 ingredior
1129 1543 1150 1567 e
1171 1526 1294 1567 Paris.
1321 1531 1358 1566 1.
1383 1531 1422 1566 3.
1438 1558 1449 1578 ,
1488 1530 1554 1566 in-

99 1589 265 1641 grediar
298 1607 318 1630 e
347 1592 470 1634 Paris.
492 1601 531 1635 2.
565 1596 636 1634 sed
664 1596 783 1648 hujus
802 1599 1020 1650 scripturae
1042 1597 1289 1648 cognitorem
1309 1595 1406 1633 facit
1430 1597 1552 1634 etiam

104 1654 413 1712 Spaldhlgium,
450 1671 497 1702 ut
522 1665 674 1703 nescias
701 1667 892 1719 numquis
926 1678 1032 1704 error
1051 1665 1095 1702 in
1115 1665 1224 1702 iuius
1247 1663 1441 1714 excerptis
1461 1677 1555 1702 ver-2

86 1732 223 1766 .setur.
291 1727 436 1773 Tacujt
466 1732 515 1770 de
542 1730 667 1771 Paris.
701 1734 740 1770 4.
762 1740 802 1771 et
819 1730 881 1782 5.]
996 1729 1161 1782 declam,
1197 1739 1274 1768 r-at.
1347 1739 1424 1769 rat.
1455 1728 1554 1770 decl.

103 1790 231 1834 Amb.
254 1799 291 1835 1.
407 1801 467 1838 ita
481 1797 616 1839 multo.
676 1800 735 1838 ita
761 1808 798 1837 et
824 1815 877 1839 m.
908 1795 1032 1840 Goth.
1062 1795 1181 1837 Voss.
1203 1800 1256 1842 2.,
1275 1810 1370 1835 cum
1387 1794 1495 1836 Jens.
1515 1805 1555 1836 et

103 1870 205 1913 post.
229 1872 322 1904 ante
344 1863 455 1905 Sich.

219 1934 255 1983 §.
291 1936 330 1972 3.
389 1932 519 1987 culpa.
578 1932 734 1988 culpam
763 1931 900 1973 Turio.
921 1929 1032 1972 Alm.
1066 1929 1208 1985 Camp.
1246 1945 1340 1970 cum
1367 1930 1486 1972 Voss.
1516 1937 1555 1974 1,

108 1999 147 2039 3.
176 1996 298 2040 Bern.
359 2004 401 2040 in
422 2000 577 2056 culpam
595 2003 701 2045 Jens.
724 2009 764 2042 et
782 2009 885 2055 post.
907 2009 1000 2040 ante
1019 1998 1121 2040 Bad.
1239 1998 1391 2040 recidit.
1451 2015 1558 2040 rece-

107 2064 168 2110 dit
190 2066 326 2109 Turio.
352 2067 470 2113 Alm.

225 2137 262 2187 §.
295 2137 335 2182 4,
394 2139 568 2177 veritati.
626 2138 805 2177 veritatis
832 2134 958 2177 Amb.
985 2141 1022 2176 1.

226 2206 263 2256 §.
295 2210 332 2247 5.
388 2215 648 2260 pertractare.
706 2214 882 2245 tractare
899 2206 1021 2244 etialn
1039 2201 1146 2243 Flor.
1163 2199 1289 2242 Amb.
1312 2206 1352 2241 2.
1373 2199 1498 2242 Paris.
1515 2204 1555 2246 5.

115 2273 255 2328 camp.
274 2274 375 2315 Obr.
395 2277 485 2314 fort.
505 2275 630 2313 Amb.
647 2278 686 2313 1.
742 2282 991 2327 pertractare
1006 2270 1170 2311 Poffien
1195 2272 1250 2309 ait
1268 2271 1350 2321 legi
1370 2270 1412 2307 in
1430 2267 1554 2309 Paris.

116 2348 156 2386 1.
187 2349 225 2383 2.
263 2344 311 2382 de
340 2345 503 2397 reliquis
530 2350 675 2381 tacens.
788 2341 1065 2394 permittemus,
1120 2338 1389 2392 permittamus
1417 2334 1555 2377 Turic-

113 2409 220 2450 Flor.
243 2410 361 2450 Voss.
386 2415 423 2450 1.
446 2414 484 2450 3.
515 2409 638 2449 Paris.
665 2413 702 2449 1,
734 2406 876 2461 Camp.
932 2408 1161 2461 permittant
1179 2402 1305 2445 Amb.
1332 2408 1369 2443 1.
1429 2418 1560 2458 expa-

115 2479 269 2519 tiantur.
329 2488 365 2515 et
383 2480 598 2532 spatientur
623 2474 750 2516 Amb.
776 2480 812 2515 1.

230 2545 266 2594 §.
299 2548 337 2583 6.
396 2545 511 2586 Erat.
583 2544 672 2584 Erit
710 2543 786 2596 (cf.
827 2551 912 2583 not.
951 2556 1063 2594 exeg.
1103 2539 1207 2594 Sp.)
1244 2547 1399 2593 praeter
1437 2536 1556 2579 Bodl.

116 2611 231 2658 Alrm
256 2615 374 2655 etiam
396 2611 503 2653 Flor.
525 2611 617 2652 Par.
638 2617 676 2657 1,
706 2613 846 2665 Camp.
867 2609 976 2651 Jens.
1000 2608 1120 2650 Tarv.
1142 2607 1245 2652 Obr.
1265 2609 1357 2648 fort.
1379 2605 1505 2648 Amb.
1521 2611 1558 2648 1.
