<?xml version="1.0" encoding="UTF-8"?>
<!DOCTYPE html PUBLIC "-//W3C//DTD XHTML 1.0 Transitional//EN"
    "http://www.w3.org/TR/xhtml1/DTD/xhtml1-transitional.dtd">
<html xmlns="http://www.w3.org/1999/xhtml" xml:lang="en" lang="en">
 <head>
  <title>
</title>
<meta http-equiv="Content-Type" content="text/html;charset=utf-8" />
  <meta name='ocr-system' content='tesseract 3.04.00' />
  <meta name='ocr-capabilities' content='ocr_page ocr_carea ocr_par ocr_line ocrx_word'/>
</head>
<body>
  <div class='ocr_page' id='page_1' title='image "./deinstitutioneor05quinuoft_0160.png"; bbox 0 0 1721 2974; ppageno 0'>
   <div class='ocr_carea' id='block_1_1' title="bbox 166 172 1166 237">
    <p class='ocr_par' dir='ltr' id='par_1_1' title="bbox 166 172 1166 237">
     <span class='ocr_line' id='line_1_1' title="bbox 166 172 1166 237; baseline -0.004 -14"><span class='ocrx_word' id='word_1_1' title='bbox 166 189 183 223; x_wconf 82' lang='lat'>1</span> <span class='ocrx_word' id='word_1_2' title='bbox 193 187 245 225; x_wconf 84' lang='lat'><em>28</em></span> <span class='ocrx_word' id='word_1_3' title='bbox 591 181 860 237; x_wconf 78' lang='lat' dir='ltr'><em>Supplemcnia</em></span> <span class='ocrx_word' id='word_1_4' title='bbox 905 172 1166 220; x_wconf 66' lang='lat' dir='ltr'><em>annotationis</em></span> 
     </span>
    </p>
   </div>
   <div class='ocr_carea' id='block_1_2' title="bbox 153 290 1590 1223">
    <p class='ocr_par' dir='ltr' id='par_1_2' title="bbox 160 290 1590 480">
     <span class='ocr_line' id='line_1_2' title="bbox 160 290 1589 350; baseline 0.001 -17"><span class='ocrx_word' id='word_1_5' title='bbox 160 293 326 349; x_wconf 68' lang='lat' dir='ltr'><em>aliquid.</em></span> <span class='ocrx_word' id='word_1_6' title='bbox 374 291 433 333; x_wconf 81' lang='lat' dir='ltr'><em>Ita</em></span> <span class='ocrx_word' id='word_1_7' title='bbox 465 296 583 334; x_wconf 66' lang='lat' dir='ltr'>etiam</span> <span class='ocrx_word' id='word_1_8' title='bbox 615 292 752 346; x_wconf 80' lang='lat' dir='ltr'><strong>Camp.</strong></span> <span class='ocrx_word' id='word_1_9' title='bbox 778 291 900 333; x_wconf 83' lang='lat' dir='ltr'><strong>Amb.</strong></span> <span class='ocrx_word' id='word_1_10' title='bbox 926 297 961 332; x_wconf 86' lang='lat'><em>1.</em></span> <span class='ocrx_word' id='word_1_11' title='bbox 984 297 1022 332; x_wconf 82' lang='lat'><em>2.</em></span> <span class='ocrx_word' id='word_1_12' title='bbox 1053 290 1174 332; x_wconf 76' lang='lat' dir='ltr'><strong>Paris.</strong></span> <span class='ocrx_word' id='word_1_13' title='bbox 1198 296 1236 332; x_wconf 89' lang='lat'><em>1.</em></span> <span class='ocrx_word' id='word_1_14' title='bbox 1258 295 1296 333; x_wconf 84' lang='lat'><em>3.</em></span> <span class='ocrx_word' id='word_1_15' title='bbox 1316 291 1356 331; x_wconf 85' lang='lat'><em>4.</em></span> <span class='ocrx_word' id='word_1_16' title='bbox 1425 294 1589 350; x_wconf 72' lang='lat' dir='ltr'><em>aliquod</em></span> 
     </span>
     <span class='ocr_line' id='line_1_3' title="bbox 160 358 1590 411; baseline 0.001 -9"><span class='ocrx_word' id='word_1_17' title='bbox 160 360 267 402; x_wconf 88' lang='lat' dir='ltr'><strong><em>Flor.</em></strong></span> <span class='ocrx_word' id='word_1_18' title='bbox 327 361 435 400; x_wconf 76' lang='lat' dir='ltr'><em>aliud</em></span> <span class='ocrx_word' id='word_1_19' title='bbox 463 361 584 402; x_wconf 84' lang='lat' dir='ltr'><em>Paris.</em></span> <span class='ocrx_word' id='word_1_20' title='bbox 607 367 668 410; x_wconf 83' lang='grc'><em>2.,</em></span> <span class='ocrx_word' id='word_1_21' title='bbox 717 370 756 399; x_wconf 84' lang='lat' dir='ltr'><em>et</em></span> <span class='ocrx_word' id='word_1_22' title='bbox 791 363 847 399; x_wconf 82' lang='lat' dir='ltr'><em>ita</em></span> <span class='ocrx_word' id='word_1_23' title='bbox 884 363 965 411; x_wconf 84' lang='lat' dir='ltr'><em>jam</em></span> <span class='ocrx_word' id='word_1_24' title='bbox 994 359 1104 399; x_wconf 78' lang='lat' dir='ltr'><em>Sich.</em></span> <span class='ocrx_word' id='word_1_25' title='bbox 1137 358 1267 399; x_wconf 83' lang='lat' dir='ltr'><em>Colin.</em></span> <span class='ocrx_word' id='word_1_26' title='bbox 1382 371 1418 400; x_wconf 77' lang='lat' dir='ltr'><em>ct</em></span> <span class='ocrx_word' id='word_1_27' title='bbox 1445 363 1590 402; x_wconf 81' lang='lat' dir='ltr'><em>similia</em></span> 
     </span>
     <span class='ocr_line' id='line_1_4' title="bbox 161 425 1585 480; baseline 0 -10"><span class='ocrx_word' id='word_1_28' title='bbox 161 433 289 470; x_wconf 81' lang='lat' dir='ltr'><em>omitt.</em></span> <span class='ocrx_word' id='word_1_29' title='bbox 319 427 440 469; x_wconf 88' lang='lat' dir='ltr'><strong><em>Goth.</em></strong></span> <span class='ocrx_word' id='word_1_30' title='bbox 461 429 577 468; x_wconf 86' lang='lat' dir='ltr'><strong><em>Voss.</em></strong></span> <span class='ocrx_word' id='word_1_31' title='bbox 602 435 639 468; x_wconf 83' lang='lat'><em>2.</em></span> <span class='ocrx_word' id='word_1_32' title='bbox 671 442 764 466; x_wconf 88' lang='lat' dir='ltr'><em>cum</em></span> <span class='ocrx_word' id='word_1_33' title='bbox 791 426 899 466; x_wconf 86' lang='lat' dir='ltr'><strong>Jens.</strong></span> <span class='ocrx_word' id='word_1_34' title='bbox 926 435 965 466; x_wconf 83' lang='lat' dir='ltr'><em>et</em></span> <span class='ocrx_word' id='word_1_35' title='bbox 984 435 1084 480; x_wconf 89' lang='lat' dir='ltr'><strong><em>post.</em></strong></span> <span class='ocrx_word' id='word_1_36' title='bbox 1105 436 1195 466; x_wconf 82' lang='lat' dir='ltr'><strong>ante</strong></span> <span class='ocrx_word' id='word_1_37' title='bbox 1216 425 1328 466; x_wconf 78' lang='lat' dir='ltr'><em>Sich.</em></span> <span class='ocrx_word' id='word_1_38' title='bbox 1340 455 1353 476; x_wconf 90' lang='lat'><em>,</em></span> <span class='ocrx_word' id='word_1_39' title='bbox 1383 443 1469 469; x_wconf 85' lang='lat' dir='ltr'>exc.</span> <span class='ocrx_word' id='word_1_40' title='bbox 1490 427 1585 470; x_wconf 80' lang='lat' dir='ltr'><em>Ald.</em></span> 
     </span>
    </p>

    <p class='ocr_par' dir='ltr' id='par_1_3' title="bbox 160 492 1588 605">
     <span class='ocr_line' id='line_1_5' title="bbox 272 492 1588 551; baseline -0.002 -13"><span class='ocrx_word' id='word_1_41' title='bbox 272 502 308 550; x_wconf 88' lang='lat'><em>§.</em></span> <span class='ocrx_word' id='word_1_42' title='bbox 331 503 395 538; x_wconf 80' lang='lat'><em>17.</em></span> <span class='ocrx_word' id='word_1_43' title='bbox 445 495 597 549; x_wconf 76' lang='lat' dir='ltr'><em>Valgii.</em></span> <span class='ocrx_word' id='word_1_44' title='bbox 650 492 776 547; x_wconf 75' lang='lat' dir='ltr'><em>Valgi</em></span> <span class='ocrx_word' id='word_1_45' title='bbox 795 496 915 534; x_wconf 85' lang='lat' dir='ltr'>etiam</span> <span class='ocrx_word' id='word_1_46' title='bbox 936 494 1071 535; x_wconf 81' lang='lat' dir='ltr'>Turio.</span> <span class='ocrx_word' id='word_1_47' title='bbox 1158 497 1238 533; x_wconf 85' lang='lat' dir='ltr'><em>suis</em></span> <span class='ocrx_word' id='word_1_48' title='bbox 1256 505 1363 549; x_wconf 81' lang='lat' dir='ltr'><strong><em>part.</em></strong></span> <span class='ocrx_word' id='word_1_49' title='bbox 1408 498 1469 535; x_wconf 78' lang='lat' dir='ltr'><em>sui</em></span> <span class='ocrx_word' id='word_1_50' title='bbox 1483 507 1588 551; x_wconf 74' lang='lat' dir='ltr'><strong><em>part.</em></strong></span> 
     </span>
     <span class='ocr_line' id='line_1_6' title="bbox 160 563 293 605; baseline -0.008 0"><span class='ocrx_word' id='word_1_51' title='bbox 160 563 293 605; x_wconf 84' lang='lat' dir='ltr'><strong>Guelf.</strong></span> 
     </span>
    </p>

    <p class='ocr_par' dir='ltr' id='par_1_4' title="bbox 153 619 1590 956">
     <span class='ocr_line' id='line_1_7' title="bbox 272 619 1589 684; baseline 0.001 -14"><span class='ocrx_word' id='word_1_52' title='bbox 272 633 309 684; x_wconf 60' lang='grc' dir='ltr'><strong>ξ.</strong></span> <span class='ocrx_word' id='word_1_53' title='bbox 342 636 406 671; x_wconf 85' lang='grc'><em>18.</em></span> <span class='ocrx_word' id='word_1_54' title='bbox 455 629 714 681; x_wconf 71' lang='lat' dir='ltr'><em>intelligimus</em></span> <span class='ocrx_word' id='word_1_55' title='bbox 762 619 1021 681; x_wconf 64' lang='lat' dir='ltr'><em>intelligamus</em></span> <span class='ocrx_word' id='word_1_56' title='bbox 1044 631 1163 668; x_wconf 80' lang='lat' dir='ltr'><em>etiam</em></span> <span class='ocrx_word' id='word_1_57' title='bbox 1182 628 1305 670; x_wconf 83' lang='lat' dir='ltr'><em>Paris.</em></span> <span class='ocrx_word' id='word_1_58' title='bbox 1330 635 1367 670; x_wconf 84' lang='lat'><em>1.</em></span> <span class='ocrx_word' id='word_1_59' title='bbox 1390 633 1429 671; x_wconf 87' lang='grc'><em>5.</em></span> <span class='ocrx_word' id='word_1_60' title='bbox 1451 629 1589 673; x_wconf 81' lang='lat' dir='ltr'>Turic.</span> 
     </span>
     <span class='ocr_line' id='line_1_8' title="bbox 159 692 1590 754; baseline 0 -15"><span class='ocrx_word' id='word_1_61' title='bbox 159 699 263 740; x_wconf 82' lang='lat' dir='ltr'><strong><em>Flor.</em></strong></span> <span class='ocrx_word' id='word_1_62' title='bbox 282 697 402 738; x_wconf 81' lang='lat' dir='ltr'><strong>Amb.</strong></span> <span class='ocrx_word' id='word_1_63' title='bbox 430 703 465 737; x_wconf 91' lang='lat'><em>1.</em></span> <span class='ocrx_word' id='word_1_64' title='bbox 486 696 683 750; x_wconf 81' lang='lat' dir='ltr'><strong>2.Can1p.</strong></span> <span class='ocrx_word' id='word_1_65' title='bbox 739 692 891 737; x_wconf 82' lang='lat' dir='ltr'>Badius</span> <span class='ocrx_word' id='word_1_66' title='bbox 910 705 1108 749; x_wconf 78' lang='lat' dir='ltr'>receptam</span> <span class='ocrx_word' id='word_1_67' title='bbox 1128 698 1236 737; x_wconf 81' lang='lat' dir='ltr'>dedit</span> <span class='ocrx_word' id='word_1_68' title='bbox 1255 713 1276 736; x_wconf 85' lang='lat' dir='ltr'>e</span> <span class='ocrx_word' id='word_1_69' title='bbox 1295 697 1406 739; x_wconf 86' lang='lat' dir='ltr'><em>Vall.</em></span> <span class='ocrx_word' id='word_1_70' title='bbox 1437 697 1590 754; x_wconf 79' lang='lat' dir='ltr'><em>(Paris.</em></span> 
     </span>
     <span class='ocr_line' id='line_1_9' title="bbox 160 759 1588 821; baseline 0.001 -16"><span class='ocrx_word' id='word_1_71' title='bbox 160 766 229 820; x_wconf 82' lang='lat'><em>2.)</em></span> <span class='ocrx_word' id='word_1_72' title='bbox 276 766 336 806; x_wconf 79' lang='lat' dir='ltr'><em>Cf.</em></span> <span class='ocrx_word' id='word_1_73' title='bbox 369 768 488 804; x_wconf 82' lang='lat' dir='ltr'><strong>etiam</strong></span> <span class='ocrx_word' id='word_1_74' title='bbox 516 766 638 817; x_wconf 85' lang='lat' dir='ltr'>praef.</span> <span class='ocrx_word' id='word_1_75' title='bbox 669 761 766 802; x_wconf 90' lang='lat' dir='ltr'><em>Vol.</em></span> <span class='ocrx_word' id='word_1_76' title='bbox 785 760 807 801; x_wconf 89' lang='grc' dir='ltr'>Ῑ</span> <span class='ocrx_word' id='word_1_77' title='bbox 834 778 872 815; x_wconf 86' lang='lat' dir='ltr'><em>p.</em></span> <span class='ocrx_word' id='word_1_78' title='bbox 893 759 1127 805; x_wconf 88' lang='lat' dir='ltr'><strong>LXXXV.</strong></span> <span class='ocrx_word' id='word_1_79' title='bbox 1242 764 1323 804; x_wconf 75' lang='lat' dir='ltr'><em>Sed</em></span> <span class='ocrx_word' id='word_1_80' title='bbox 1351 769 1489 821; x_wconf 80' lang='lat' dir='ltr'><em>ipsam.</em></span> <span class='ocrx_word' id='word_1_81' title='bbox 1543 766 1588 807; x_wconf 91' lang='lat' dir='ltr'><em>S.</em></span> 
     </span>
     <span class='ocr_line' id='line_1_10' title="bbox 156 830 1590 887; baseline 0.001 -14"><span class='ocrx_word' id='word_1_82' title='bbox 156 845 193 873; x_wconf 77' lang='lat' dir='ltr'><em>et</em></span> <span class='ocrx_word' id='word_1_83' title='bbox 225 838 298 887; x_wconf 77' lang='lat' dir='ltr'><em>ips.</em></span> <span class='ocrx_word' id='word_1_84' title='bbox 328 832 448 873; x_wconf 88' lang='lat' dir='ltr'><strong>Amb.</strong></span> <span class='ocrx_word' id='word_1_85' title='bbox 474 837 512 872; x_wconf 89' lang='lat'><em>1.</em></span> <span class='ocrx_word' id='word_1_86' title='bbox 624 830 749 870; x_wconf 86' lang='lat' dir='ltr'><strong><em>Isocr.</em></strong></span> <span class='ocrx_word' id='word_1_87' title='bbox 780 847 950 871; x_wconf 80' lang='lat' dir='ltr'><em>causam.</em></span> <span class='ocrx_word' id='word_1_88' title='bbox 1009 831 1063 871; x_wconf 81' lang='lat' dir='ltr'><em>Is.</em></span> <span class='ocrx_word' id='word_1_89' title='bbox 1092 842 1218 872; x_wconf 76' lang='lat' dir='ltr'><strong><em>autem</em></strong></span> <span class='ocrx_word' id='word_1_90' title='bbox 1251 849 1357 873; x_wconf 71' lang='lat' dir='ltr'>caus,</span> <span class='ocrx_word' id='word_1_91' title='bbox 1385 833 1511 874; x_wconf 85' lang='lat' dir='ltr'><strong>Amb.</strong></span> <span class='ocrx_word' id='word_1_92' title='bbox 1533 839 1590 887; x_wconf 88' lang='lat'><em>1.‚</em></span> 
     </span>
     <span class='ocr_line' id='line_1_11' title="bbox 153 898 1586 956; baseline 0.001 -14"><span class='ocrx_word' id='word_1_93' title='bbox 153 906 228 956; x_wconf 79' lang='lat' dir='ltr'><em>qui</em></span> <span class='ocrx_word' id='word_1_94' title='bbox 257 909 455 954; x_wconf 81' lang='lat' dir='ltr'>praeterea</span> <span class='ocrx_word' id='word_1_95' title='bbox 490 913 513 937; x_wconf 87' lang='lat' dir='ltr'><strong>a</strong></span> <span class='ocrx_word' id='word_1_96' title='bbox 548 912 608 951; x_wconf 86' lang='lat' dir='ltr'><em>pr.</em></span> <span class='ocrx_word' id='word_1_97' title='bbox 645 913 701 937; x_wconf 90' lang='lat' dir='ltr'><em>m.</em></span> <span class='ocrx_word' id='word_1_98' title='bbox 740 898 880 938; x_wconf 69' lang='lat' dir='ltr'><strong>habuit</strong></span> <span class='ocrx_word' id='word_1_99' title='bbox 907 898 1103 940; x_wconf 78' lang='lat' dir='ltr'><strong><em>Socrates,</em></strong></span> <span class='ocrx_word' id='word_1_100' title='bbox 1218 903 1288 941; x_wconf 77' lang='lat' dir='ltr'><em>ait.</em></span> <span class='ocrx_word' id='word_1_101' title='bbox 1348 912 1415 941; x_wconf 82' lang='lat' dir='ltr'><em>aut</em></span> <span class='ocrx_word' id='word_1_102' title='bbox 1447 901 1586 956; x_wconf 86' lang='lat' dir='ltr'>Camp.</span> 
     </span>
    </p>

    <p class='ocr_par' dir='ltr' id='par_1_5' title="bbox 155 966 1589 1223">
     <span class='ocr_line' id='line_1_12' title="bbox 243 966 1589 1022; baseline 0.001 -15"><span class='ocrx_word' id='word_1_103' title='bbox 243 985 321 1007; x_wconf 78' lang='lat' dir='ltr'><em>rem</em></span> <span class='ocrx_word' id='word_1_104' title='bbox 359 976 658 1006; x_wconf 77' lang='lat' dir='ltr'><strong><em>controversam.</em></strong></span> <span class='ocrx_word' id='word_1_105' title='bbox 718 968 757 1004; x_wconf 83' lang='lat' dir='ltr'><em>in</em></span> <span class='ocrx_word' id='word_1_106' title='bbox 801 970 1102 1006; x_wconf 74' lang='lat' dir='ltr'><em>controversiam</em></span> <span class='ocrx_word' id='word_1_107' title='bbox 1141 966 1280 1022; x_wconf 80' lang='lat' dir='ltr'>Camp.</span> <span class='ocrx_word' id='word_1_108' title='bbox 1341 985 1466 1008; x_wconf 80' lang='lat' dir='ltr'><strong><em>rerum</em></strong></span> <span class='ocrx_word' id='word_1_109' title='bbox 1495 987 1589 1010; x_wconf 80' lang='lat' dir='ltr'><em>con-</em></span> 
     </span>
     <span class='ocr_line' id='line_1_13' title="bbox 156 1032 1588 1092; baseline -0.001 -16"><span class='ocrx_word' id='word_1_110' title='bbox 156 1038 386 1076; x_wconf 73' lang='lat' dir='ltr'><em>irovcrsiam</em></span> <span class='ocrx_word' id='word_1_111' title='bbox 412 1032 537 1073; x_wconf 83' lang='lat' dir='ltr'><strong>Amb.</strong></span> <span class='ocrx_word' id='word_1_112' title='bbox 565 1038 601 1073; x_wconf 90' lang='lat'><em>1.</em></span> <span class='ocrx_word' id='word_1_113' title='bbox 632 1032 737 1072; x_wconf 88' lang='lat' dir='ltr'><strong><em>Flor.</em></strong></span> <span class='ocrx_word' id='word_1_114' title='bbox 766 1045 791 1072; x_wconf 76' lang='lat' dir='ltr'><strong>n</strong></span> <span class='ocrx_word' id='word_1_115' title='bbox 823 1049 898 1073; x_wconf 88' lang='lat' dir='ltr'>sec.</span> <span class='ocrx_word' id='word_1_116' title='bbox 929 1048 984 1072; x_wconf 86' lang='lat' dir='ltr'><em>m.</em></span> <span class='ocrx_word' id='word_1_117' title='bbox 1017 1032 1065 1087; x_wconf 82' lang='lat' dir='ltr'><em>(a</em></span> <span class='ocrx_word' id='word_1_118' title='bbox 1095 1049 1153 1087; x_wconf 87' lang='lat' dir='ltr'><em>pr.</em></span> <span class='ocrx_word' id='word_1_119' title='bbox 1183 1050 1238 1074; x_wconf 86' lang='grc'><strong>111.</strong></span> <span class='ocrx_word' id='word_1_120' title='bbox 1272 1045 1355 1076; x_wconf 82' lang='lat' dir='ltr'><strong>erat</strong></span> <span class='ocrx_word' id='word_1_121' title='bbox 1384 1053 1424 1075; x_wconf 89' lang='lat' dir='ltr'><em>rc</em></span> <span class='ocrx_word' id='word_1_122' title='bbox 1457 1035 1588 1092; x_wconf 82' lang='lat' dir='ltr'><em>cont.)</em></span> 
     </span>
     <span class='ocr_line' id='line_1_14' title="bbox 155 1100 1589 1154; baseline 0.001 -10"><span class='ocrx_word' id='word_1_123' title='bbox 155 1105 278 1145; x_wconf 74' lang='lat' dir='ltr'><strong>Paris.</strong></span> <span class='ocrx_word' id='word_1_124' title='bbox 302 1107 339 1142; x_wconf 85' lang='lat'><em>1.</em></span> <span class='ocrx_word' id='word_1_125' title='bbox 369 1100 478 1142; x_wconf 84' lang='lat' dir='ltr'><strong>Jens.</strong></span> <span class='ocrx_word' id='word_1_126' title='bbox 510 1109 548 1140; x_wconf 84' lang='lat' dir='ltr'><em>et</em></span> <span class='ocrx_word' id='word_1_127' title='bbox 573 1110 737 1154; x_wconf 83' lang='lat' dir='ltr'><em>posterr.</em></span> <span class='ocrx_word' id='word_1_128' title='bbox 769 1109 860 1139; x_wconf 77' lang='lat' dir='ltr'>aute</span> <span class='ocrx_word' id='word_1_129' title='bbox 882 1100 1010 1141; x_wconf 85' lang='lat' dir='ltr'><strong><em>Stoer.</em></strong></span> <span class='ocrx_word' id='word_1_130' title='bbox 1070 1105 1371 1142; x_wconf 75' lang='lat' dir='ltr'><strong><em>controversiam</em></strong></span> <span class='ocrx_word' id='word_1_131' title='bbox 1391 1112 1449 1144; x_wconf 83' lang='lat' dir='ltr'><em>est</em></span> <span class='ocrx_word' id='word_1_132' title='bbox 1468 1107 1589 1145; x_wconf 79' lang='lat' dir='ltr'><strong>etiam</strong></span> 
     </span>
     <span class='ocr_line' id='line_1_15' title="bbox 156 1167 1462 1223; baseline 0 -12"><span class='ocrx_word' id='word_1_133' title='bbox 156 1175 201 1211; x_wconf 81' lang='grc'><em>111</em></span> <span class='ocrx_word' id='word_1_134' title='bbox 228 1168 364 1213; x_wconf 78' lang='lat' dir='ltr'><em>Turio.</em></span> <span class='ocrx_word' id='word_1_135' title='bbox 395 1168 522 1210; x_wconf 88' lang='lat' dir='ltr'><strong>Amb.</strong></span> <span class='ocrx_word' id='word_1_136' title='bbox 547 1174 587 1209; x_wconf 84' lang='lat'><em>2.</em></span> <span class='ocrx_word' id='word_1_137' title='bbox 618 1167 767 1221; x_wconf 74' lang='lat' dir='ltr'><strong>Bern.,</strong></span> <span class='ocrx_word' id='word_1_138' title='bbox 809 1183 981 1223; x_wconf 84' lang='lat' dir='ltr'>quorum</span> <span class='ocrx_word' id='word_1_139' title='bbox 1009 1178 1229 1222; x_wconf 81' lang='lat' dir='ltr'><strong>postremus</strong></span> <span class='ocrx_word' id='word_1_140' title='bbox 1259 1184 1337 1211; x_wconf 63' lang='lat' dir='ltr'><em>om„</em></span> <span class='ocrx_word' id='word_1_141' title='bbox 1370 1185 1462 1211; x_wconf 85' lang='lat' dir='ltr'><em>rem.</em></span> 
     </span>
    </p>
   </div>
   <div class='ocr_carea' id='block_1_3' title="bbox 718 1289 1019 1348">
    <p class='ocr_par' dir='ltr' id='par_1_6' title="bbox 718 1289 1019 1348">
     <span class='ocr_line' id='line_1_16' title="bbox 718 1289 1019 1348; baseline 0.003 -16"><span class='ocrx_word' id='word_1_142' title='bbox 718 1290 750 1332; x_wconf 89' lang='lat' dir='ltr'>C</span> <span class='ocrx_word' id='word_1_143' title='bbox 781 1306 810 1348; x_wconf 53' lang='lat' dir='ltr'>A</span> <span class='ocrx_word' id='word_1_144' title='bbox 838 1308 876 1333; x_wconf 81' lang='lat' dir='ltr'><em>P.</em></span> <span class='ocrx_word' id='word_1_145' title='bbox 933 1289 1019 1333; x_wconf 92' lang='lat' dir='ltr'><em>VI.</em></span> 
     </span>
    </p>
   </div>
   <div class='ocr_carea' id='block_1_4' title="bbox 142 1368 1590 2303">
    <p class='ocr_par' dir='ltr' id='par_1_7' title="bbox 150 1368 1590 1685">
     <span class='ocr_line' id='line_1_17' title="bbox 264 1368 1585 1425; baseline 0 -13"><span class='ocrx_word' id='word_1_146' title='bbox 264 1371 471 1425; x_wconf 73' lang='lat' dir='ltr'><em>Inscriptio</em></span> <span class='ocrx_word' id='word_1_147' title='bbox 510 1371 609 1411; x_wconf 79' lang='lat' dir='ltr'>haec</span> <span class='ocrx_word' id='word_1_148' title='bbox 648 1373 691 1409; x_wconf 82' lang='lat' dir='ltr'><em>iu</em></span> <span class='ocrx_word' id='word_1_149' title='bbox 730 1369 864 1409; x_wconf 82' lang='lat' dir='ltr'><strong>Turio.</strong></span> <span class='ocrx_word' id='word_1_150' title='bbox 895 1368 1020 1410; x_wconf 83' lang='lat' dir='ltr'>Amb.</span> <span class='ocrx_word' id='word_1_151' title='bbox 1043 1376 1080 1410; x_wconf 83' lang='lat'><em>1.</em></span> <span class='ocrx_word' id='word_1_152' title='bbox 1101 1377 1139 1411; x_wconf 88' lang='grc'><strong>2.</strong></span> <span class='ocrx_word' id='word_1_153' title='bbox 1171 1369 1292 1411; x_wconf 84' lang='lat' dir='ltr'><strong>Bern.</strong></span> <span class='ocrx_word' id='word_1_154' title='bbox 1324 1368 1447 1412; x_wconf 83' lang='lat' dir='ltr'><strong><em>Goth.</em></strong></span> <span class='ocrx_word' id='word_1_155' title='bbox 1478 1370 1585 1412; x_wconf 88' lang='lat' dir='ltr'><strong>Jens.</strong></span> 
     </span>
     <span class='ocr_line' id='line_1_18' title="bbox 153 1436 1585 1495; baseline -0.002 -15"><span class='ocrx_word' id='word_1_156' title='bbox 153 1451 195 1483; x_wconf 77' lang='lat' dir='ltr'><em>et</em></span> <span class='ocrx_word' id='word_1_157' title='bbox 219 1450 382 1495; x_wconf 74' lang='lat' dir='ltr'><em>posterr.</em></span> <span class='ocrx_word' id='word_1_158' title='bbox 416 1449 505 1479; x_wconf 75' lang='lat' dir='ltr'>aute</span> <span class='ocrx_word' id='word_1_159' title='bbox 536 1437 761 1478; x_wconf 82' lang='lat' dir='ltr'><em>Stoerium:</em></span> <span class='ocrx_word' id='word_1_160' title='bbox 806 1437 909 1489; x_wconf 77' lang='lat' dir='ltr'><em>Quid</em></span> <span class='ocrx_word' id='word_1_161' title='bbox 936 1440 986 1476; x_wconf 81' lang='lat' dir='ltr'><em>sit</em></span> <span class='ocrx_word' id='word_1_162' title='bbox 1012 1448 1159 1489; x_wconf 74' lang='lat' dir='ltr'><em>status5</em></span> <span class='ocrx_word' id='word_1_163' title='bbox 1204 1441 1249 1477; x_wconf 76' lang='lat' dir='ltr'><em>in</em></span> <span class='ocrx_word' id='word_1_164' title='bbox 1277 1436 1411 1479; x_wconf 89' lang='lat' dir='ltr'><strong>Guelf.</strong></span> <span class='ocrx_word' id='word_1_165' title='bbox 1445 1438 1526 1491; x_wconf 79' lang='lat' dir='ltr'><em>Qui</em></span> <span class='ocrx_word' id='word_1_166' title='bbox 1552 1456 1585 1480; x_wconf 86' lang='lat' dir='ltr'><em>s.</em></span> 
     </span>
     <span class='ocr_line' id='line_1_19' title="bbox 152 1505 1590 1560; baseline -0.003 -10"><span class='ocrx_word' id='word_1_167' title='bbox 152 1521 230 1560; x_wconf 79' lang='lat' dir='ltr'><em>st.3</em></span> <span class='ocrx_word' id='word_1_168' title='bbox 267 1512 310 1547; x_wconf 80' lang='lat' dir='ltr'><em>&#39;m</em></span> <span class='ocrx_word' id='word_1_169' title='bbox 338 1507 444 1547; x_wconf 85' lang='lat' dir='ltr'><strong><em>Flor.</em></strong></span> <span class='ocrx_word' id='word_1_170' title='bbox 477 1506 573 1558; x_wconf 80' lang='lat' dir='ltr'><em>Quis</em></span> <span class='ocrx_word' id='word_1_171' title='bbox 605 1516 726 1556; x_wconf 76' lang='lat' dir='ltr'><strong><em>stat.‚·</em></strong></span> <span class='ocrx_word' id='word_1_172' title='bbox 765 1508 808 1544; x_wconf 91' lang='lat' dir='ltr'><em>iu</em></span> <span class='ocrx_word' id='word_1_173' title='bbox 837 1506 926 1544; x_wconf 86' lang='lat' dir='ltr'><strong>edd.</strong></span> <span class='ocrx_word' id='word_1_174' title='bbox 957 1520 1058 1545; x_wconf 82' lang='lat' dir='ltr'>rece.</span> <span class='ocrx_word' id='word_1_175' title='bbox 1094 1505 1198 1557; x_wconf 77' lang='lat' dir='ltr'><em>Quicl</em></span> <span class='ocrx_word' id='word_1_176' title='bbox 1226 1509 1281 1544; x_wconf 84' lang='lat' dir='ltr'><em>sit</em></span> <span class='ocrx_word' id='word_1_177' title='bbox 1310 1516 1459 1546; x_wconf 79' lang='lat' dir='ltr'><em>status.-</em></span> <span class='ocrx_word' id='word_1_178' title='bbox 1488 1506 1590 1545; x_wconf 74' lang='lat' dir='ltr'><strong><em>unde</em></strong></span> 
     </span>
     <span class='ocr_line' id='line_1_20' title="bbox 151 1560 1586 1629; baseline -0.001 -13"><span class='ocrx_word' id='word_1_179' title='bbox 151 1577 343 1617; x_wconf 74' lang='lat' dir='ltr'><em>tlucaiur:</em></span> <span class='ocrx_word' id='word_1_180' title='bbox 389 1590 474 1613; x_wconf 73' lang='lat' dir='ltr'><em>reus</em></span> <span class='ocrx_word' id='word_1_181' title='bbox 511 1590 562 1613; x_wconf 86' lang='lat' dir='ltr'><em>an</em></span> <span class='ocrx_word' id='word_1_182' title='bbox 589 1583 701 1613; x_wconf 75' lang='lat' dir='ltr'><strong><em>actor</em></strong></span> <span class='ocrx_word' id='word_1_183' title='bbox 734 1589 816 1611; x_wconf 83' lang='lat' dir='ltr'><em>eum</em></span> <span class='ocrx_word' id='word_1_184' title='bbox 831 1572 996 1629; x_wconf 75' lang='lat' dir='ltr'><em>faciat:</em></span> <span class='ocrx_word' id='word_1_185' title='bbox 1046 1583 1139 1628; x_wconf 81' lang='lat' dir='ltr'><strong><em>quot</em></strong></span> <span class='ocrx_word' id='word_1_186' title='bbox 1169 1584 1205 1613; x_wconf 82' lang='lat' dir='ltr'><em>et</em></span> <span class='ocrx_word' id='word_1_187' title='bbox 1231 1575 1300 1628; x_wconf 81' lang='lat' dir='ltr'><em>qui</em></span> <span class='ocrx_word' id='word_1_188' title='bbox 1327 1576 1417 1613; x_wconf 84' lang='lat' dir='ltr'><em>sint.</em></span> <span class='ocrx_word' id='word_1_189' title='bbox 1474 1560 1586 1615; x_wconf 48' lang='lat' dir='ltr'><em>Hfiec</em></span> 
     </span>
     <span class='ocr_line' id='line_1_21' title="bbox 150 1642 826 1685; baseline -0.01 0"><span class='ocrx_word' id='word_1_190' title='bbox 150 1660 176 1685; x_wconf 83' lang='lat' dir='ltr'><strong>a</strong></span> <span class='ocrx_word' id='word_1_191' title='bbox 204 1644 318 1684; x_wconf 84' lang='lat' dir='ltr'>codd.</span> <span class='ocrx_word' id='word_1_192' title='bbox 348 1645 426 1682; x_wconf 84' lang='lat' dir='ltr'><em>suis</em></span> <span class='ocrx_word' id='word_1_193' title='bbox 463 1642 559 1681; x_wconf 86' lang='lat' dir='ltr'><em>locis</em></span> <span class='ocrx_word' id='word_1_194' title='bbox 586 1643 826 1679; x_wconf 74' lang='lat' dir='ltr'><strong>inseruntur.</strong></span> 
     </span>
    </p>

    <p class='ocr_par' dir='ltr' id='par_1_8' title="bbox 145 1705 1584 2303">
     <span class='ocr_line' id='line_1_22' title="bbox 263 1705 1582 1764; baseline -0.001 -14"><span class='ocrx_word' id='word_1_195' title='bbox 263 1715 299 1764; x_wconf 87' lang='lat'><em>§.</em></span> <span class='ocrx_word' id='word_1_196' title='bbox 332 1715 370 1750; x_wconf 93' lang='lat'><em>1.</em></span> <span class='ocrx_word' id='word_1_197' title='bbox 428 1707 650 1761; x_wconf 72' lang='lat' dir='ltr'><em>aggredior.</em></span> <span class='ocrx_word' id='word_1_198' title='bbox 698 1705 758 1747; x_wconf 79' lang='lat' dir='ltr'><em>Ita</em></span> <span class='ocrx_word' id='word_1_199' title='bbox 789 1710 907 1747; x_wconf 82' lang='lat' dir='ltr'><em>etiam</em></span> <span class='ocrx_word' id='word_1_200' title='bbox 926 1706 1049 1748; x_wconf 80' lang='lat' dir='ltr'>Paris.</span> <span class='ocrx_word' id='word_1_201' title='bbox 1072 1712 1108 1748; x_wconf 83' lang='lat'><em>1.</em></span> <span class='ocrx_word' id='word_1_202' title='bbox 1166 1707 1377 1761; x_wconf 73' lang='lat' dir='ltr'><em>aggrediar</em></span> <span class='ocrx_word' id='word_1_203' title='bbox 1396 1705 1517 1747; x_wconf 80' lang='lat' dir='ltr'><strong>Paris.</strong></span> <span class='ocrx_word' id='word_1_204' title='bbox 1539 1714 1582 1749; x_wconf 85' lang='lat'><em>2.</em></span> 
     </span>
     <span class='ocr_line' id='line_1_23' title="bbox 151 1772 1584 1831; baseline -0.003 -12"><span class='ocrx_word' id='word_1_205' title='bbox 151 1784 191 1822; x_wconf 77' lang='lat'><em>5.</em></span> <span class='ocrx_word' id='word_1_206' title='bbox 221 1778 361 1831; x_wconf 86' lang='lat' dir='ltr'>Camp.</span> <span class='ocrx_word' id='word_1_207' title='bbox 422 1775 583 1830; x_wconf 81' lang='lat' dir='ltr'>[Etiam</span> <span class='ocrx_word' id='word_1_208' title='bbox 617 1777 686 1815; x_wconf 90' lang='lat' dir='ltr'><em>lib.</em></span> <span class='ocrx_word' id='word_1_209' title='bbox 719 1772 772 1825; x_wconf 86' lang='lat' dir='ltr'><em>II,</em></span> <span class='ocrx_word' id='word_1_210' title='bbox 811 1780 876 1826; x_wconf 89' lang='grc'><em>10,</em></span> <span class='ocrx_word' id='word_1_211' title='bbox 913 1779 934 1814; x_wconf 88' lang='grc'><em>1</em></span> <span class='ocrx_word' id='word_1_212' title='bbox 976 1776 1168 1829; x_wconf 59' lang='lat' dir='ltr'><em>quamvis</em></span> <span class='ocrx_word' id='word_1_213' title='bbox 1192 1777 1465 1826; x_wconf 77' lang='lat' dir='ltr'><em>conjunctivus</em></span> <span class='ocrx_word' id='word_1_214' title='bbox 1493 1778 1584 1829; x_wconf 87' lang='lat' dir='ltr'><em>pla-</em></span> 
     </span>
     <span class='ocr_line' id='line_1_24' title="bbox 150 1840 1584 1898; baseline -0.005 -11"><span class='ocrx_word' id='word_1_215' title='bbox 150 1855 260 1898; x_wconf 83' lang='lat' dir='ltr'>ceat,</span> <span class='ocrx_word' id='word_1_216' title='bbox 302 1848 494 1885; x_wconf 82' lang='lat' dir='ltr'><em>librorum</em></span> <span class='ocrx_word' id='word_1_217' title='bbox 521 1852 655 1882; x_wconf 77' lang='lat' dir='ltr'><strong>tamen</strong></span> <span class='ocrx_word' id='word_1_218' title='bbox 684 1844 870 1894; x_wconf 81' lang='lat' dir='ltr'><em>suffragia</em></span> <span class='ocrx_word' id='word_1_219' title='bbox 896 1857 967 1896; x_wconf 83' lang='lat' dir='ltr'><em>pro</em></span> <span class='ocrx_word' id='word_1_220' title='bbox 995 1842 1210 1881; x_wconf 76' lang='lat' dir='ltr'><em>indicativo</em></span> <span class='ocrx_word' id='word_1_221' title='bbox 1240 1840 1369 1893; x_wconf 57' lang='lat' dir='ltr'><strong>sunt]</strong></span> <span class='ocrx_word' id='word_1_222' title='bbox 1457 1842 1584 1897; x_wconf 73' lang='lat' dir='ltr'><em>quosl-</em></span> 
     </span>
     <span class='ocr_line' id='line_1_25' title="bbox 142 1909 1578 1969; baseline -0.002 -16.983"><span class='ocrx_word' id='word_1_223' title='bbox 142 1931 235 1969; x_wconf 79' lang='lat' dir='ltr'><strong><em>que.</em></strong></span> <span class='ocrx_word' id='word_1_224' title='bbox 296 1911 463 1967; x_wconf 74' lang='lat' dir='ltr'><em>quidque</em></span> <span class='ocrx_word' id='word_1_225' title='bbox 489 1909 626 1964; x_wconf 85' lang='lat' dir='ltr'>Camp.</span> <span class='ocrx_word' id='word_1_226' title='bbox 657 1926 748 1950; x_wconf 86' lang='lat' dir='ltr'><em>cum</em></span> <span class='ocrx_word' id='word_1_227' title='bbox 774 1909 891 1949; x_wconf 87' lang='lat' dir='ltr'><strong><em>Voss.</em></strong></span> <span class='ocrx_word' id='word_1_228' title='bbox 916 1915 952 1950; x_wconf 85' lang='lat'><em>1.</em></span> <span class='ocrx_word' id='word_1_229' title='bbox 1038 1925 1235 1949; x_wconf 82' lang='lat' dir='ltr'><em>commune</em></span> <span class='ocrx_word' id='word_1_230' title='bbox 1253 1919 1321 1949; x_wconf 81' lang='lat' dir='ltr'><strong><em>est.</em></strong></span> <span class='ocrx_word' id='word_1_231' title='bbox 1366 1919 1422 1947; x_wconf 83' lang='lat' dir='ltr'><em>est</em></span> <span class='ocrx_word' id='word_1_232' title='bbox 1443 1926 1578 1950; x_wconf 88' lang='lat' dir='ltr'><strong><em>comm.</em></strong></span> 
     </span>
     <span class='ocr_line' id='line_1_26' title="bbox 147 1976 1582 2030; baseline -0.003 -9"><span class='ocrx_word' id='word_1_233' title='bbox 147 1976 841 2022; x_wconf 82' lang='lat' dir='ltr'>Turic.F10r.Amb.1.Gue1f.</span> <span class='ocrx_word' id='word_1_234' title='bbox 885 1976 1051 2030; x_wconf 72' lang='lat' dir='ltr'>Camp..,</span> <span class='ocrx_word' id='word_1_235' title='bbox 1106 1978 1201 2016; x_wconf 87' lang='lat' dir='ltr'><em>ordo</em></span> <span class='ocrx_word' id='word_1_236' title='bbox 1240 1979 1411 2029; x_wconf 79' lang='lat' dir='ltr'><em>vulgaris</em></span> <span class='ocrx_word' id='word_1_237' title='bbox 1452 1986 1510 2017; x_wconf 85' lang='lat' dir='ltr'><em>est</em></span> <span class='ocrx_word' id='word_1_238' title='bbox 1537 1981 1582 2017; x_wconf 87' lang='lat' dir='ltr'><em>in</em></span> 
     </span>
     <span class='ocr_line' id='line_1_27' title="bbox 150 2042 1580 2090; baseline -0.003 -1"><span class='ocrx_word' id='word_1_239' title='bbox 150 2048 272 2090; x_wconf 82' lang='lat' dir='ltr'><strong><em>Goth.</em></strong></span> <span class='ocrx_word' id='word_1_240' title='bbox 302 2057 340 2088; x_wconf 86' lang='lat' dir='ltr'><em>et</em></span> <span class='ocrx_word' id='word_1_241' title='bbox 371 2046 460 2087; x_wconf 84' lang='lat' dir='ltr'><strong>edd.</strong></span> <span class='ocrx_word' id='word_1_242' title='bbox 575 2044 752 2085; x_wconf 70' lang='lat' dir='ltr'><em>ducatur.</em></span> <span class='ocrx_word' id='word_1_243' title='bbox 808 2042 869 2084; x_wconf 78' lang='lat' dir='ltr'><em>Ita</em></span> <span class='ocrx_word' id='word_1_244' title='bbox 906 2044 1029 2085; x_wconf 80' lang='lat' dir='ltr'><strong>Paris.</strong></span> <span class='ocrx_word' id='word_1_245' title='bbox 1054 2049 1092 2085; x_wconf 87' lang='lat'><em>1.</em></span> <span class='ocrx_word' id='word_1_246' title='bbox 1115 2050 1155 2084; x_wconf 88' lang='lat'><em>2.</em></span> <span class='ocrx_word' id='word_1_247' title='bbox 1178 2047 1216 2085; x_wconf 89' lang='lat'><em>5.</em></span> <span class='ocrx_word' id='word_1_248' title='bbox 1276 2044 1430 2084; x_wconf 81' lang='lat' dir='ltr'><em>dicatur</em></span> <span class='ocrx_word' id='word_1_249' title='bbox 1459 2047 1580 2084; x_wconf 77' lang='lat' dir='ltr'><em>etiam</em></span> 
     </span>
     <span class='ocr_line' id='line_1_28' title="bbox 145 2107 1580 2167; baseline -0.003 -11"><span class='ocrx_word' id='word_1_250' title='bbox 145 2115 269 2157; x_wconf 81' lang='lat' dir='ltr'><strong>Paris.</strong></span> <span class='ocrx_word' id='word_1_251' title='bbox 294 2120 331 2155; x_wconf 85' lang='lat'><em>3.</em></span> <span class='ocrx_word' id='word_1_252' title='bbox 365 2113 504 2167; x_wconf 87' lang='lat' dir='ltr'><strong>Camp.</strong></span> <span class='ocrx_word' id='word_1_253' title='bbox 618 2124 711 2167; x_wconf 81' lang='lat' dir='ltr'><strong><em>quot</em></strong></span> <span class='ocrx_word' id='word_1_254' title='bbox 749 2122 786 2151; x_wconf 81' lang='lat' dir='ltr'><em>ct</em></span> <span class='ocrx_word' id='word_1_255' title='bbox 814 2116 884 2167; x_wconf 81' lang='lat' dir='ltr'><em>qui</em></span> <span class='ocrx_word' id='word_1_256' title='bbox 912 2115 1001 2152; x_wconf 78' lang='lat' dir='ltr'><em>sint.</em></span> <span class='ocrx_word' id='word_1_257' title='bbox 1060 2107 1250 2166; x_wconf 49' lang='lat' dir='ltr'><em>quot&#39;qui</em></span> <span class='ocrx_word' id='word_1_258' title='bbox 1277 2113 1355 2150; x_wconf 84' lang='lat' dir='ltr'><em>sint</em></span> <span class='ocrx_word' id='word_1_259' title='bbox 1385 2111 1521 2152; x_wconf 90' lang='lat' dir='ltr'>Turic.</span> <span class='ocrx_word' id='word_1_260' title='bbox 1555 2126 1580 2151; x_wconf 84' lang='lat' dir='ltr'>a</span> 
     </span>
     <span class='ocr_line' id='line_1_29' title="bbox 146 2175 1579 2237; baseline -0.003 -14"><span class='ocrx_word' id='word_1_261' title='bbox 146 2199 208 2237; x_wconf 86' lang='lat' dir='ltr'><em>pr.</em></span> <span class='ocrx_word' id='word_1_262' title='bbox 237 2198 293 2222; x_wconf 87' lang='lat' dir='ltr'><em>m.</em></span> <span class='ocrx_word' id='word_1_263' title='bbox 349 2193 442 2237; x_wconf 77' lang='lat' dir='ltr'><strong><em>quot</em></strong></span> <span class='ocrx_word' id='word_1_264' title='bbox 467 2180 618 2236; x_wconf 71' lang='lat' dir='ltr'><em>quidem</em></span> <span class='ocrx_word' id='word_1_265' title='bbox 647 2183 724 2219; x_wconf 82' lang='lat' dir='ltr'><em>sint</em></span> <span class='ocrx_word' id='word_1_266' title='bbox 759 2179 896 2220; x_wconf 86' lang='lat' dir='ltr'>Turic.</span> <span class='ocrx_word' id='word_1_267' title='bbox 926 2195 950 2219; x_wconf 85' lang='lat' dir='ltr'>a</span> <span class='ocrx_word' id='word_1_268' title='bbox 977 2195 1051 2220; x_wconf 86' lang='lat' dir='ltr'>sec.</span> <span class='ocrx_word' id='word_1_269' title='bbox 1080 2194 1132 2219; x_wconf 86' lang='lat' dir='ltr'><em>m.</em></span> <span class='ocrx_word' id='word_1_270' title='bbox 1165 2177 1305 2231; x_wconf 83' lang='lat' dir='ltr'><strong>Camp.</strong></span> <span class='ocrx_word' id='word_1_271' title='bbox 1338 2175 1442 2232; x_wconf 85' lang='lat' dir='ltr'><em>(nisi</em></span> <span class='ocrx_word' id='word_1_272' title='bbox 1468 2179 1579 2232; x_wconf 86' lang='lat' dir='ltr'><em>quod</em></span> 
     </span>
     <span class='ocr_line' id='line_1_30' title="bbox 145 2243 1578 2303; baseline -0.002 -15"><span class='ocrx_word' id='word_1_273' title='bbox 145 2253 191 2288; x_wconf 79' lang='lat' dir='ltr'><em>in</em></span> <span class='ocrx_word' id='word_1_274' title='bbox 252 2250 329 2289; x_wconf 84' lang='lat' dir='ltr'><em>hoc</em></span> <span class='ocrx_word' id='word_1_275' title='bbox 384 2246 517 2303; x_wconf 71' lang='grc' dir='ltr'><strong>ειιηι.)</strong></span> <span class='ocrx_word' id='word_1_276' title='bbox 568 2246 776 2302; x_wconf 70' lang='lat' dir='ltr'><em>judiciales</em></span> <span class='ocrx_word' id='word_1_277' title='bbox 825 2250 1024 2287; x_wconf 70' lang='lat' dir='ltr'><em>materias.</em></span> <span class='ocrx_word' id='word_1_278' title='bbox 1095 2243 1322 2301; x_wconf 77' lang='lat' dir='ltr'><em>judicialem</em></span> <span class='ocrx_word' id='word_1_279' title='bbox 1374 2247 1578 2285; x_wconf 77' lang='lat' dir='ltr'><em>materiam</em></span> 
     </span>
    </p>
   </div>
   <div class='ocr_carea' id='block_1_5' title="bbox 146 2314 1576 2503">
    <p class='ocr_par' dir='ltr' id='par_1_9' title="bbox 146 2314 1576 2503">
     <span class='ocr_line' id='line_1_31' title="bbox 147 2314 1027 2370; baseline -0.002 -14"><span class='ocrx_word' id='word_1_280' title='bbox 147 2315 288 2370; x_wconf 74' lang='lat' dir='ltr'><strong>Camp.</strong></span> <span class='ocrx_word' id='word_1_281' title='bbox 403 2325 601 2355; x_wconf 76' lang='lat' dir='ltr'><strong><em>executus.</em></strong></span> <span class='ocrx_word' id='word_1_282' title='bbox 663 2326 858 2354; x_wconf 79' lang='lat' dir='ltr'><em>assecutus</em></span> <span class='ocrx_word' id='word_1_283' title='bbox 887 2314 1027 2368; x_wconf 84' lang='lat' dir='ltr'><strong>Camp.</strong></span> 
     </span>
     <span class='ocr_line' id='line_1_32' title="bbox 258 2378 1576 2438; baseline -0.003 -15"><span class='ocrx_word' id='word_1_284' title='bbox 258 2385 294 2435; x_wconf 82' lang='lat'><em>§.</em></span> <span class='ocrx_word' id='word_1_285' title='bbox 325 2389 364 2425; x_wconf 89' lang='grc'><em>2.</em></span> <span class='ocrx_word' id='word_1_286' title='bbox 421 2394 620 2437; x_wconf 82' lang='lat' dir='ltr'><em>appareat.</em></span> <span class='ocrx_word' id='word_1_287' title='bbox 681 2393 820 2437; x_wconf 82' lang='lat' dir='ltr'>caput,</span> <span class='ocrx_word' id='word_1_288' title='bbox 861 2384 967 2438; x_wconf 86' lang='lat' dir='ltr'><em>quod</em></span> <span class='ocrx_word' id='word_1_289' title='bbox 995 2383 1143 2422; x_wconf 74' lang='lat' dir='ltr'><strong>multae</strong></span> <span class='ocrx_word' id='word_1_290' title='bbox 1163 2379 1252 2419; x_wconf 83' lang='lat' dir='ltr'><strong>edd.</strong></span> <span class='ocrx_word' id='word_1_291' title='bbox 1273 2386 1366 2419; x_wconf 80' lang='lat' dir='ltr'><strong>vett.</strong></span> <span class='ocrx_word' id='word_1_292' title='bbox 1390 2378 1576 2419; x_wconf 88' lang='lat' dir='ltr'><em>hocloco</em></span> 
     </span>
     <span class='ocr_line' id='line_1_33' title="bbox 146 2445 1574 2503; baseline -0.001 -16"><span class='ocrx_word' id='word_1_293' title='bbox 146 2450 346 2500; x_wconf 79' lang='lat' dir='ltr'><strong>inserunt,</strong></span> <span class='ocrx_word' id='word_1_294' title='bbox 385 2453 531 2490; x_wconf 84' lang='lat' dir='ltr'><em>omittit</em></span> <span class='ocrx_word' id='word_1_295' title='bbox 559 2453 639 2502; x_wconf 84' lang='lat' dir='ltr'><em>jam</em></span> <span class='ocrx_word' id='word_1_296' title='bbox 667 2448 787 2490; x_wconf 82' lang='lat' dir='ltr'><strong>Tarv.</strong></span> <span class='ocrx_word' id='word_1_297' title='bbox 901 2448 1089 2503; x_wconf 80' lang='lat' dir='ltr'><em>generale.</em></span> <span class='ocrx_word' id='word_1_298' title='bbox 1106 2456 1235 2502; x_wconf 80' lang='lat' dir='ltr'>caput.</span> <span class='ocrx_word' id='word_1_299' title='bbox 1291 2445 1470 2499; x_wconf 77' lang='lat' dir='ltr'><em>generale</em></span> <span class='ocrx_word' id='word_1_300' title='bbox 1493 2460 1574 2486; x_wconf 84' lang='lat' dir='ltr'><em>om.</em></span> 
     </span>
    </p>
   </div>
   <div class='ocr_carea' id='block_1_6' title="bbox 145 2512 1574 2707">
    <p class='ocr_par' dir='ltr' id='par_1_10' title="bbox 145 2512 1574 2707">
     <span class='ocr_line' id='line_1_34' title="bbox 147 2512 1572 2571; baseline 0 -17"><span class='ocrx_word' id='word_1_301' title='bbox 147 2519 269 2554; x_wconf 75' lang='lat' dir='ltr'><em>etiam</em></span> <span class='ocrx_word' id='word_1_302' title='bbox 304 2516 409 2558; x_wconf 85' lang='lat' dir='ltr'><strong><em>Flor.</em></strong></span> <span class='ocrx_word' id='word_1_303' title='bbox 449 2516 575 2558; x_wconf 87' lang='lat' dir='ltr'><strong>Amb.</strong></span> <span class='ocrx_word' id='word_1_304' title='bbox 597 2522 634 2558; x_wconf 92' lang='lat'><em>1.</em></span> <span class='ocrx_word' id='word_1_305' title='bbox 663 2523 703 2558; x_wconf 89' lang='grc'><em>2.</em></span> <span class='ocrx_word' id='word_1_306' title='bbox 747 2516 885 2571; x_wconf 84' lang='lat' dir='ltr'><strong>Camp.</strong></span> <span class='ocrx_word' id='word_1_307' title='bbox 916 2517 1039 2558; x_wconf 79' lang='lat' dir='ltr'><em>Paris.</em></span> <span class='ocrx_word' id='word_1_308' title='bbox 1063 2521 1099 2556; x_wconf 91' lang='lat'><em>1.</em></span> <span class='ocrx_word' id='word_1_309' title='bbox 1121 2521 1162 2556; x_wconf 85' lang='lat'><em>2.</em></span> <span class='ocrx_word' id='word_1_310' title='bbox 1186 2518 1225 2554; x_wconf 84' lang='lat'><em>3.</em></span> <span class='ocrx_word' id='word_1_311' title='bbox 1340 2512 1572 2569; x_wconf 65' lang='lat' dir='ltr'><strong><em>rqferantur.</em></strong></span> 
     </span>
     <span class='ocr_line' id='line_1_35' title="bbox 148 2577 1574 2639; baseline -0.001 -20"><span class='ocrx_word' id='word_1_312' title='bbox 148 2582 366 2638; x_wconf 61' lang='lat' dir='ltr'><strong><em>referuntur</em></strong></span> <span class='ocrx_word' id='word_1_313' title='bbox 394 2587 515 2624; x_wconf 82' lang='lat' dir='ltr'><strong>etiam</strong></span> <span class='ocrx_word' id='word_1_314' title='bbox 546 2583 684 2639; x_wconf 86' lang='lat' dir='ltr'><strong>Camp.</strong></span> <span class='ocrx_word' id='word_1_315' title='bbox 715 2584 838 2625; x_wconf 78' lang='lat' dir='ltr'><strong>Paris.</strong></span> <span class='ocrx_word' id='word_1_316' title='bbox 861 2591 901 2626; x_wconf 89' lang='lat'><em>2.</em></span> <span class='ocrx_word' id='word_1_317' title='bbox 933 2583 1042 2625; x_wconf 80' lang='lat' dir='ltr'><em>Sich.</em></span> <span class='ocrx_word' id='word_1_318' title='bbox 1075 2580 1204 2622; x_wconf 84' lang='lat' dir='ltr'><em>Colin.</em></span> <span class='ocrx_word' id='word_1_319' title='bbox 1263 2577 1574 2632; x_wconf 80' lang='lat' dir='ltr'><em>conjunctivum</em></span> 
     </span>
     <span class='ocr_line' id='line_1_36' title="bbox 145 2647 1570 2707; baseline -0.001 -18"><span class='ocrx_word' id='word_1_320' title='bbox 145 2651 318 2691; x_wconf 80' lang='lat' dir='ltr'><em>retinent</em></span> <span class='ocrx_word' id='word_1_321' title='bbox 344 2649 464 2693; x_wconf 73' lang='lat' dir='ltr'><em>Paris.</em></span> <span class='ocrx_word' id='word_1_322' title='bbox 488 2656 526 2692; x_wconf 85' lang='lat'><em>1.</em></span> <span class='ocrx_word' id='word_1_323' title='bbox 545 2655 583 2694; x_wconf 87' lang='grc'><em>5.</em></span> <span class='ocrx_word' id='word_1_324' title='bbox 701 2651 873 2707; x_wconf 82' lang='lat' dir='ltr'><strong><em>Quorum</em></strong></span> <span class='ocrx_word' id='word_1_325' title='bbox 901 2676 958 2687; x_wconf 91' lang='lat'>-</span> <span class='ocrx_word' id='word_1_326' title='bbox 982 2652 1056 2692; x_wconf 80' lang='lat' dir='ltr'><em>vis.</em></span> <span class='ocrx_word' id='word_1_327' title='bbox 1091 2647 1230 2691; x_wconf 75' lang='lat' dir='ltr'><em>Tusic.</em></span> <span class='ocrx_word' id='word_1_328' title='bbox 1260 2662 1284 2689; x_wconf 78' lang='lat' dir='ltr'><strong>a</strong></span> <span class='ocrx_word' id='word_1_329' title='bbox 1310 2662 1371 2703; x_wconf 83' lang='lat' dir='ltr'><em>pr.</em></span> <span class='ocrx_word' id='word_1_330' title='bbox 1398 2662 1455 2689; x_wconf 88' lang='lat' dir='ltr'><em>m.</em></span> <span class='ocrx_word' id='word_1_331' title='bbox 1490 2661 1570 2688; x_wconf 88' lang='lat' dir='ltr'><em>om.</em></span> 
     </span>
    </p>
   </div>
   <div class='ocr_carea' id='block_1_7' title="bbox 1675 0 1721 2974">
    <p class='ocr_par' dir='ltr' id='par_1_11' title="bbox 1675 0 1721 2974">
     <span class='ocr_line' id='line_1_37' title="bbox 1675 0 1721 2974; baseline 0 0"><span class='ocrx_word' id='word_1_332' title='bbox 1675 0 1721 2974; x_wconf 95' lang='lat' dir='ltr'><em> </em></span> 
     </span>
    </p>
   </div>
  </div>
 </body>
</html>
