1757 2979
134 180 188 222 ad
214 179 374 235 Quintil.
396 179 528 223 Instit.
560 179 619 232 Χ,
651 183 690 231 5,
712 182 874 222 8-23.
916 181 1118 228 6‚1—7.
1156 181 1196 228 7,
1231 181 1367 217 1—3.
1426 178 1506 218 425

644 290 676 333 C
709 306 734 334 A
770 307 805 332 P.
864 287 948 330 VI.

190 374 226 425 §.
259 377 297 412 1.
343 371 671 427 fi⁴eq1tentissime.
716 369 783 411 Sic
804 367 892 410 Par.
918 373 956 410 1.
979 372 1017 408 6.
1054 364 1395 423 frequentissimus
1421 365 1508 405 Par.

75 445 118 481 2.
233 455 301 479 nec
334 439 481 491 ubique.
528 437 655 478 Amb.
691 444 730 480 2.
761 454 834 477 non
866 436 1014 490 ubique.
1127 436 1307 487 temporis
1337 449 1385 473 ac
1417 432 1507 473 loci.

21 530 24 533 ·
76 505 199 548 Amb.
212 513 247 547 2.
268 504 501 561 temporibus
521 521 569 545 ac
588 504 682 546 loco.
762 506 878 544 vacui
897 519 963 542 nec
979 504 1111 542 otium.
1141 500 1265 540 Amb.
1278 506 1318 540 2.
1346 517 1511 540 vacuum

77 577 215 616 otium.

186 643 222 693 §.
255 646 295 681 2.
356 639 529 679 inhaeret
555 661 611 671 -·
639 638 743 693 quocl
770 661 826 670 -·-
860 636 1041 677 laxatur.
1091 633 1158 676 Sic
1182 633 1269 678 Par.
1293 641 1332 679 2.
1357 650 1508 678 sec.1n.

76 701 154 748 inb.
174 731 229 738 —-
249 724 318 762 que
336 730 391 737 —
412 706 578 745 laxatur
596 704 685 746 Par.
712 712 748 746 1.
773 711 812 746 6.
843 704 969 745 Amb.
990 709 1030 743 2.

187 775 224 825 §.
258 779 297 815 3.
354 773 485 813 multo.
525 772 592 814 Sic
613 772 704 814 Par.
729 777 766 814 5.
790 777 855 823 6.,
895 774 963 812 sed
984 770 1074 810 Par.
1103 775 1137 810 1,
1161 774 1200 807 2.
1223 783 1302 813 om.

184 845 220 894 §.
250 842 289 881 4.
345 851 386 880 ut
415 843 449 880 ei
471 851 562 880 tam.
603 834 732 883 Amb.
770 846 805 880 2.
842 849 883 875 ut
910 841 1038 875 ctiam.
1126 851 1239 888 quam
1270 851 1376 890 quae.
1419 835 1508 877 Par.

79 912 116 948 1.
138 913 177 948 2.
201 913 238 948 6.
261 924 442 962 quaeque.
531 908 741 958 Scepsium.
779 902 905 943 Amb.
927 909 965 943 2.
991 904 1211 956 esccpsium.

189 975 226 1024 §.
258 978 295 1015 5.
355 971 513 1025 aliquis.
556 971 683 1011 Amb.
706 977 745 1011 2.
768 970 906 1024 aliqui.

186 1044 222 1094 §.
255 1045 294 1080 6.
355 1056 394 1077 re
418 1050 536 1079 utare.
576 1037 643 1078 Sic
659 1037 749 1078 Par.
764 1042 800 1076 2.
818 1052 895 1077 sec.
908 1051 961 1077 m.
1000 1034 1168 1092 refutari
1178 1034 1266 1075 Par.
1283 1041 1318 1076 1.
1335 1042 1371 1077 6.
1385 1036 1509 1081 Amb.

75 1113 116 1147 2.
202 1124 343 1147 sumus,
383 1105 450 1146 Sic
473 1105 563 1146 Par.
585 1110 622 1145 6.
660 1108 777 1144 simus
798 1103 887 1145 Par.
914 1109 949 1144 1.
971 1110 1009 1145 2.
1105 1120 1181 1143 non
1203 1103 1290 1144 soll.
1331 1103 1399 1145 Sic
1418 1105 1508 1147 Par.

78 1181 114 1220 6.
155 1192 199 1214 ne
219 1192 250 1215 S.
274 1173 363 1214 Par.
388 1178 424 1212 1.
446 1179 484 1213 2.
516 1189 593 1214 sec.
614 1188 669 1213 m.

189 1244 226 1292 §.
258 1246 298 1282 7.
358 1245 574 1295 repetimus.
625 1240 716 1280 Par.
741 1245 782 1281 2.
812 1255 870 1278 res
897 1241 1075 1294 petimus.
1168 1241 1204 1278 εἰ
1226 1249 1391 1293 utrumq.
1444 1238 1512 1281 Sic

76 1308 166 1349 Par.
186 1316 224 1349 2.
252 1313 290 1348 6.
305 1340 316 1360 ,
353 1309 423 1348 sed
441 1307 528 1348 Par.
552 1314 588 1348 1.
610 1311 728 1348 inser.
756 1309 942 1348 strictius.
994 1305 1121 1347 Amb.
1141 1311 1181 1347 2.
1213 1310 1360 1349 omittit
1379 1309 1425 1347 si.

76 1387 286 1430 tetrumque.
327 1374 393 1415 Sic
415 1374 505 1416 Par.
532 1381 570 1416 1.
596 1382 634 1417 2.
658 1381 695 1415 6.

621 1487 658 1529 C
689 1503 716 1529 Α
747 1504 784 1529 1³.
853 1485 966 1529 VII.

188 1570 223 1621 §.
258 1572 294 1608 1.
353 1565 562 1621 quoddam.
609 1564 700 1608 Par.
724 1571 761 1607 1.
786 1572 827 1609 2.
849 1566 955 1621 quid.
1002 1562 1093 1605 Par.
1118 1568 1157 1607 6.
1177 1581 1265 1619 quo.
1351 1566 1515 1621 amplis-

76 1637 227 1675 simum.
271 1633 360 1674 Par.
385 1639 422 1674 1.
443 1640 482 1674 2.
506 1639 544 1673 6.
566 1633 748 1688 amplius.
787 1633 912 1674 Amb.
926 1640 965 1675 2.
983 1635 1133 1688 primus
1152 1632 1308 1686 quidam
1331 1634 1511 1688 ampliu&

161 1701 263 1758 quod
282 1704 335 1742 in.
380 1700 448 1741 Sic
476 1700 567 1741 Par.
593 1705 630 1741 1.
653 1707 693 1742 2.
718 1706 756 1741 6.
805 1700 931 1741 Amb.
957 1707 994 1742 2.
1024 1714 1104 1740 om.
1138 1702 1190 1741 in.
1288 1713 1514 1742 monstrare.

77 1757 165 1811 Pan
190 1775 227 1809 1.
249 1775 288 1810 2.
313 1773 352 1809 6.
378 1767 501 1808 Amb.
523 1774 563 1808 2.
581 1771 741 1808 intrare.
798 1768 984 1823 [Verum
1002 1770 1157 1807 invenit
1177 1771 1389 1808 excellenti
1408 1772 1515 1821 judi-

78 1841 140 1878 cio
169 1836 437 1891 Spaldingiuq.
496 1834 662 1888 Duplex
692 1839 790 1876 olim
815 1839 1009 1889 scriptura
1036 1837 1136 1876 fuit:
1181 1839 1330 1875 intrare
1345 1848 1513 1890 portum,
1572 1877 1574 1879 ,

78 1907 131 1944 al.
155 1906 260 1942 intra
276 1913 432 1957 portum
451 1902 653 1951 accedere,
702 1919 781 1958 qua
811 1906 1023 1954 conjuncta
1054 1910 1093 1941 et
1125 1912 1327 1958 utcunque
1358 1908 1516 1959 expleta

78 1986 205 2012 novus
222 1972 354 2009 extitit
374 1971 476 2008 fetus
495 1972 727 2023 quantocius
746 1969 1022 2023 mergendus.]

191 2039 230 2089 §.
261 2043 299 2078 2.
356 2038 501 2075 statim.
540 2035 629 2076 Par.
658 2041 694 2076 1.
718 2042 758 2076 2.
785 2042 824 2076 6.
846 2039 1072 2090 statimque,
1114 2038 1222 2091 quod
1243 2053 1334 2078 cmn
1352 2041 1450 2081 item
1471 2043 1516 2081 in

79 2104 203 2147 Amb.
222 2111 260 2146 2.
279 2113 317 2143 et
334 2106 517 2143 omnibus
536 2106 658 2142 fenne
676 2106 784 2144 libris
805 2107 875 2154 sit,
904 2105 1177 2157 recipiendum
1196 2105 1304 2145 haud
1327 2107 1458 2150 dubie.

194 2177 231 2226 §.
264 2177 303 2212 3.
362 2175 578 2225 imparatus
605 2170 659 2209 acl
687 2186 812 2212 casus,
858 2171 948 2211 Par.
976 2176 1013 2212 5.
1040 2175 1077 2211 6.
1103 2169 1223 2212 Amb.
1244 2179 1283 2214 2.
1306 2174 1516 2229 aliquando

80 2242 230 2282 mittere
250 2254 376 2280 casus.
424 2237 514 2277 Par.
539 2242 576 2278 1.
601 2237 811 2292 aliquando
840 2240 1013 2277 mittetur
1045 2255 1080 2278 c.
1130 2238 1218 2279 Par.
1243 2246 1283 2280 2.
1304 2245 1519 2282 mitteretur

83 2325 211 2350 casus.
281 2305 420 2360 [Quin
460 2305 736 2345 emendatione
777 2307 886 2346 locus
927 2307 1126 2359 indigeat,
1177 2322 1298 2347 nemo
1337 2310 1517 2350 dubitare

84 2385 224 2431 potest.
282 2373 365 2415 Sed
394 2373 602 2412 audaciore
632 2388 727 2426 opus
754 2381 811 2412 est
836 2377 1083 2425 conjectura,
1124 2382 1170 2414 ut
1187 2378 1398 2416 verborum
1417 2393 1516 2417 con-

85 2446 247 2485 structio
288 2449 453 2483 constet.
510 2442 618 2481 Nam
656 2441 764 2496 quod
795 2442 940 2494 legitur
973 2444 1017 2481 in
1050 2441 1351 2483 Frotscheriana
1385 2452 1517 2485 textus

86 2513 346 2565 descriptione
379 2510 496 2560 hujus
526 2511 639 2558 libri,
687 2519 726 2547 ut
757 2511 959 2562 quisquam
991 2512 1114 2563 possit
1145 2521 1278 2549 orator
1307 2510 1516 2565 aliquando

87 2582 236 2618 mittere
257 2594 392 2629 casus,
429 2591 550 2630 prope
578 2576 680 2615 illud
708 2576 871 2630 quidem
903 2577 1053 2615 accedit
1078 2577 1127 2615 ad
1149 2578 1332 2617 codicum
1348 2582 1518 2632 scriptu-

89 2661 196 2694 ram,
225 2647 293 2686 sed
310 2649 427 2687 verba
445 2654 535 2685 suut
556 2647 639 2683 sine
657 2658 786 2683 sensu.
847 2641 957 2694 Quid
984 2647 1093 2683 euim
1123 2644 1198 2685 hoc
1220 2648 1274 2684 rei
1296 2655 1377 2686 est:
1411 2663 1517 2685 nemo
