1721 2974
131 161 213 199 236
585 154 860 210 Supplementa
902 156 1167 194 annotationis

241 270 280 321 §.
319 275 356 311 2.
411 271 685 324 pejeraturwn.
749 266 884 306 Etiam
911 265 1038 307 Amb.
1076 272 1115 307 1.
1149 266 1259 307 Flor.
1292 266 1445 309 Cel-vic.
1480 273 1583 324 peje-

133 352 235 377 rare.
351 353 430 391 qua
458 337 560 391 pluS.
626 333 761 376 Guelf.
795 333 898 374 Bad.
943 337 1084 374 inserr.
1117 345 1167 375 et.
1233 334 1360 377 Amb.
1392 342 1430 377 1.
1472 337 1583 380 Flor.

131 414 384 458 anteponunt
411 415 492 444 aut.
594 402 713 457 fidei.
774 400 901 443 Amb.
931 407 972 442 2.
1001 400 1121 443 Voss.
1147 407 1185 443 3.
1220 401 1344 444 Bern.
1379 406 1581 445 omittunt'.

219 482 482 526 consequetur.
541 468 669 510 Aan.
694 475 732 510 1.
757 475 796 510 2.
817 468 951 510 Guelf.
974 469 1092 510 Voss.
1114 476 1151 511 1.
1178 477 1218 511 2.
1241 475 1498 526 consequitur.

128 542 302 596 patietur
333 539 462 579 modo.
522 537 611 577 Hoc
640 538 779 577 ordine
812 540 934 577 etiam
963 536 1091 579 Amb.
1128 544 1166 580 1.
1235 543 1419 594 patiatur
1449 525 1585 580 Gueif.

133 607 258 650 Goth.
355 618 423 646 aut
440 616 610 660 practer.
666 604 735 645 Sic
755 608 876 645 etiam
895 604 1023 646 Aan.
1049 611 1086 647 1.
1174 624 1327 647 causae.
1394 606 1523 648 Amb.
1546 613 1585 647 1.

133 691 158 716 a
177 692 236 729 pr.
254 691 310 714 m.
341 674 478 714 Turio.
503 689 525 713 a
546 689 605 726 pr.
626 688 683 713 m.
704 672 813 713 Flor.
838 671 974 713 Guelf.
997 671 1121 715 Goth.
1141 672 1259 714 Voss.
1283 681 1321 715 1.
1344 673 1453 716 Jens.
1484 673 1585 715 Loo.

131 742 243 784 Ven.
270 758 402 782 causa.
462 740 587 781 Amb.
610 746 647 781 1.
670 756 692 780 a
709 756 787 780 sec.
809 756 865 781 m.
889 746 1026 781 causzi.
1131 744 1399 783 instrumenta.
1456 741 1586 784 Amb.

135 816 175 852 1.
199 811 307 850 Flor.
332 808 467 851 Guelf.
492 808 614 850 Goth.
642 807 762 849 Voss.
787 814 823 849 1.
852 811 1159 849 instrumentum.
1248 810 1402 864 adjicit.
1447 810 1586 852 Turio.

132 879 272 919 adicit.
389 894 518 918 conse.
558 894 662 917 suae.
722 875 860 917 Turlc.
884 875 1026 930 Camp2
1060 895 1093 918 c.
1116 889 1286 919 nostrae,

248 947 285 998 §.
326 952 364 987 3.
438 948 608 999 recipiet.
674 943 798 984 Amb.
829 949 865 984 1.
898 947 1050 999 recipit.
1165 957 1201 984 et
1237 948 1412 1000 iniquam
1450 944 1586 987 Guelf.

134 1013 263 1056 Amb.
292 1020 332 1055 2.
365 1012 478 1053 Sich.
511 1016 725 1063 omittunt3
766 1011 889 1052 Bern.
918 1028 998 1052 om.
1034 1014 1222 1067 iniquam.
1281 1013 1390 1054 Jens.
1425 1023 1465 1054 et
1493 1015 1585 1055 edd.

134 1093 228 1123 ante
252 1082 365 1123 Sich.
388 1084 516 1121 omitt.
539 1092 587 1120 et.
705 1081 909 1120 contemni.
963 1078 1099 1121 Guelf.
1124 1084 1354 1135 contempni.
1465 1085 1589 1135 juris-

129 1151 306 1206 jurandi.
373 1148 505 1190 Guelfi
544 1147 668 1189 Goth.
707 1147 848 1201 Camp.
881 1149 1120 1202 jusjurandi.
1248 1149 1418 1204 quidam.
1477 1150 1587 1191 Jens.

133 1219 304 1274 quidem.
403 1233 490 1257 cum
510 1220 642 1256 etiam.
700 1216 908 1256 Editiones
929 1232 1045 1256 meae
1067 1233 1091 1256 a
1111 1217 1220 1258 Jens.
1250 1219 1300 1257 ad
1321 1216 1476 1272 Gryph.
1500 1234 1587 1258 exc.

135 1286 251 1327 Sich.
293 1303 380 1325 cum
415 1296 463 1326 et.
583 1301 710 1338 agere.
782 1283 850 1324 Sic
878 1284 1002 1324 habet
1044 1283 1172 1326 Amb.
1209 1291 1245 1325 1.
1313 1284 1451 1325 Etiam
1479 1285 1589 1325 Flor.

133 1353 262 1395 Amb.
285 1361 324 1395 2.
349 1370 410 1394 ac.
511 1353 612 1391 hum.
635 1368 785 1391 curam·
841 1350 970 1392 Amb.
997 1357 1035 1392 1.
1058 1368 1139 1393 om.
1162 1369 1298 1392 curam
1327 1368 1348 1391 a
1367 1369 1426 1406 pr.
1447 1368 1503 1393 m.

135 1433 336 1477 negarent.
396 1420 524 1462 Amb.
550 1426 587 1460 1.
622 1420 761 1460 Turio.
780 1419 889 1459 Flor.
916 1434 938 1458 a
960 1435 1020 1472 pr.
1042 1436 1098 1461 m.
1119 1418 1232 1461 Alm.
1254 1431 1409 1474 negant.
1507 1438 1592 1460 eum

134 1506 243 1531 vero.
305 1488 429 1530 Goth.
452 1506 540 1529 cum,
558 1505 663 1530 vero.
713 1488 841 1528 Amb.
859 1494 896 1528 1.
922 1491 1095 1539 omittit,
1125 1498 1165 1528 et
1183 1502 1265 1528 sec.
1287 1504 1342 1529 m.
1363 1491 1482 1528 inser.
1503 1498 1593 1542 post

134 1560 217 1613 qui.
330 1556 537 1613 deferente.
596 1555 706 1596 Flor.
731 1556 947 1611 clg’ff'crentc.
1063 1567 1099 1594 et
1121 1559 1260 1611 ipsum.
1320 1555 1461 1597 Turio.
1481 1556 1590 1598 Flor.

136 1641 163 1666 a
177 1641 237 1680 pr.
259 1640 316 1665 m.
339 1641 379 1664 se
398 1628 536 1679 ipsum.
640 1624 772 1679 offert.
823 1623 963 1676 Camp.
997 1624 1131 1678 qffcrt.

251 1695 287 1746 ξ.
319 1694 360 1732 4.
419 1709 547 1745 agere.
606 1690 674 1731 Sic
701 1694 824 1730 etiam
851 1690 977 1730 Amb.
1012 1697 1050 1731 1.
1079 1691 1188 1731 Flor.
1223 1689 1314 1730 Par.
1349 1695 1387 1731 1.
1431 1741 1433 1743 Ι
1505 1708 1592 1730 cum

136 1760 234 1802 litis.
292 1759 418 1800 Amb.
443 1765 480 1799 1.
501 1762 567 1814 qui
586 1759 680 1798 litis.
797 1769 833 1797 et
860 1775 957 1798 curn.
1019 1758 1156 1799 Turio.
1190 1769 1225 1796 et
1249 1774 1347 1798 cum.
1401 1757 1526 1798 Amb.
1550 1765 1590 1799 2.

136 1841 175 1870 et
194 1833 286 1883 ejus·
383 1827 536 1867 liberat.
598 1825 665 1866 Sic
685 1829 806 1866 etiam
822 1825 947 1865 Aan.
969 1831 1007 1866 1.
1030 1832 1068 1866 2.
1091 1826 1199 1865 Flor.
1221 1825 1312 1866 Par.
1340 1831 1377 1865 1.
1472 1837 1591 1867 stare.

135 1897 206 1939 Sic
228 1895 474 1937 etiam'Flor.
497 1894 587 1935 Par.
613 1900 650 1934 1.
675 1900 714 1935 2.
742 1893 874 1934 Col‘m.
927 1893 989 1933 At
1007 1893 1120 1951 ⁴Sich.
1141 1896 1243 1932 stari
1265 1902 1357 1932 ante
1376 1891 1503 1933 Basil.

134 1964 299 2005 mavult.
358 1963 485 2003 Aan.
519 1968 556 2002 1.
587 1978 748 2017 quoque
774 1959 937 2000 mavolt.
998 1960 1106 2001 Flor.
1130 1977 1151 2000 a
1171 1977 1230 2015 pr.
1252 1977 1308 2000 m.
1340 1960 1514 2012 mavelit,
1571 1977 1595 2002 a

135 2048 216 2074 sec.
235 2047 292 2072 m.
314 2030 464 2071 mavult
485 2046 579 2071 cum
599 2029 723 2070 Amb.
747 2036 786 2071 2.
818 2028 909 2070 Par.
929 2035 963 2069 1.
989 2035 1026 2070 2.
1047 2034 1087 2070 3.
1147 2028 1258 2069 Ante
1286 2028 1440 2084 Gryph.
1473 2033 1596 2071 etiam

136 2099 271 2141 Colin.
299 2099 427 2139 malit.

251 2170 289 2221 ᾧ.
322 2171 359 2208 5.
421 2169 501 2222 ipsi
524 2184 611 2208 non.
660 2165 803 2219 Camp.
823 2168 941 2206 inser.
961 2176 1106 2205 notam.
1197 2164 1271 2204 hoc
1292 2181 1421 2206 unum.
1465 2163 1594 2206 Aan.

139 2240 179 2276 1.
211 2235 349 2276 Turio.
382 2234 491 2275 Flor.
519 2239 709 2275 omittunt
738 2235 826 2274 hoc.
944 2233 987 2272 id
1006 2236 1074 2286 agi
1093 2243 1147 2272 ut.
1198 2231 1335 2273 Turio.
1357 2232 1466 2273 Flor.
1492 2249 1514 2272 a
1532 2249 1593 2286 pr.

137 2318 194 2344 m.
227 2303 269 2342 id
288 2305 388 2356 agie.
505 2314 545 2342 ut
568 2306 608 2342 in
629 2319 763 2343 causa.
821 2299 945 2341 Amb.
967 2306 1005 2341 1.
1031 2318 1077 2340 ea
1104 2303 1144 2339 in
1173 2316 1306 2339 causa.
1361 2299 1470 2340 Jens.
1491 2299 1592 2342 Loc.

139 2370 295 2412 Cervic.
316 2369 448 2411 Colin.
474 2368 632 2424 Gryph.
656 2372 753 2409 utin
772 2387 817 2408 εα
839 2385 971 2409 causa.
1060 2384 1136 2408 non
1152 2370 1288 2422 possit.
1347 2365 1391 2406 V
1393 2383 1467 2407 oss.
1492 2373 1531 2407 1.
1556 2373 1594 2407 3.

139 2442 271 2479 omitt.
301 2455 390 2478 non.
505 2440 630 2492 possit
659 2439 782 2491 queri.
842 2437 953 2476 Haec
987 2439 1136 2476 omittit
1163 2433 1285 2475 Amb.
1315 2440 1354 2474 1.
1470 2437 1594 2488 queri.

139 2503 264 2546 Amb.
293 2512 330 2546 2.
360 2504 495 2546 Guelf.
528 2505 638 2546 Jens.
671 2504 774 2544 Bad.
811 2503 968 2545 Cervic.
992 2506 1141 2559 quaeri.
1257 2501 1405 2541 malum
1423 2518 1596 2556 occupa-

138 2583 279 2613 iurum.
352 2574 488 2613 Turio.
529 2572 664 2612 ηιαῖἰνη
699 2583 948 2611 mutaturum.
1018 2571 1142 2612 Amb.
1179 2576 1215 2610 1.
1246 2570 1362 2621 {Flor.
1395 2585 1506 2623 apr.
1535 2585 1592 2609 m.

140 2639 253 2679 malli
293 2653 539 2681 mutaturum.
606 2639 730 2680 Amb.
780 2646 814 2680 l.
871 2640 977 2680 Flor.
1021 2656 1044 2680 a
1085 2655 1142 2692 pr.
1184 2654 1238 2678 m.
1365 2655 1406 2677 sc
1455 2649 1593 2679 aulem.
1659 2634 1662 2636 ’
