1721 2974
232 130 286 171 acl
317 130 481 184 Quintil.
513 130 643 171 Instir.
679 127 760 179 IV,
793 129 831 169 4.
865 128 902 178 §.
935 131 1076 168 5—9.
1110 131 1150 169 5.
1183 128 1396 178 §.1-3,
1474 136 1553 173 225

91 243 198 286 Flor.
227 244 331 284 velut
363 243 548 300 quodam.
610 243 736 284 Amb.
771 249 812 284 2.
842 241 907 282 vel
934 241 1102 297 quodam
1126 252 1181 282 ut.
1297 253 1420 284 tactu.
1484 243 1554 286 Sic

92 316 214 352 etlam
242 313 332 354 Par.
364 319 403 354 2.
517 314 733 352 excitatus.
800 311 926 351 Amb.
958 316 996 350 1.
1029 312 1294 351 resuscitatus.
1411 322 1446 350 ct
1475 315 1553 352 im‘-

90 383 202 421 tium.
272 380 398 421 Amb.
434 386 471 420 1.
515 394 596 419 om.
637 389 687 419 et.
820 395 980 434 quoque.
1050 377 1204 419 Cen-ic.
1244 377 1378 418 CoIIn.
1419 383 1551 421 omitt.

208 463 347 488 novum
375 446 677 503 quodammodo.
738 446 864 488 Amb.
903 453 940 488 1.
982 443 1088 486 Flor.
1118 444 1274 488 Cervic.
1306 444 1438 488 Col'm.
1482 463 1550 488 or-

34 522 37 525 ’
90 516 228 556 dinem
255 518 474 558 invertunt.

621 681 894 723 CAPUT
953 682 1008 722 V.

203 787 238 838 ξ.
274 791 313 827 1.
375 783 561 824 Par-titio.
629 782 769 823 TurIC.
809 797 832 822 a
861 799 921 836 pr.
953 799 1008 824 m.
1046 787 1196 838 partio.
1311 785 1549 830 adversarii.

86 853 224 894 Turio.
256 869 279 893 a
309 868 368 906 pr.
398 868 453 891 m.
513 850 641 891 Amb.
671 857 711 892 2.
745 849 965 891 adversari.
1082 863 1347 907 utrarumque,
1407 853 1547 897 Turio.

85 936 109 960 a
135 936 194 974 pr.
214 936 271 961 m.
301 920 420 960 Alm.
452 930 520 958 aut
551 935 772 973 rarumque.
892 918 1056 959 collata.
1112 919 1240 960 Amb.
1263 926 1301 960 1.
1335 921 1546 965 colloca-ta.

84 986 213 1028 Amb.
235 994 275 1030 2.
302 988 477 1028 conlata.
594 986 766 1042 quidam.
827 984 965 1027 Turio.
1000 986 1108 1028 Plor-
1139 987 1255 1028 Ajm.
1289 986 1424 1029 Guelf.
1458 994 1550 1044 qui-

83 1055 185 1097 dem.
301 1056 408 1111 quocl
437 1073 494 1096 ca.
556 1054 665 1095 Flor.
709 1057 831 1094 etiam
870 1053 917 1093 (lc
946 1056 1064 1095 inser.
1124 1066 1159 1094 et
1181 1058 1276 1110 fiat.
1337 1057 1550 1100 Omittunt

83 1135 119 1164 ct
148 1128 270 1165 etiam
298 1124 426 1165 Amb.
456 1129 493 1164 1.
525 1122 632 1163 Flor.
665 1122 755 1163 Par.
788 1128 824 1162 1.
856 1128 895 1163 2.
927 1127 966 1163 5.
1085 1126 1283 1164 intentior.
1342 1124 1471 1166 Amb.
1506 1133 1545 1168 1.

83 1197 287 1234 attentior.
403 1194 439 1231 si
468 1194 616 1231 scierit.
675 1190 813 1231 Etiam
841 1189 968 1231 Amb.
995 1196 1032 1231 1.
1065 1190 1172 1231 Flor.
1203 1195 1434 1242 suscitetur,
1464 1198 1547 1233 mj-

83 1276 199 1313 rum,
239 1261 310 1302 sed
350 1269 457 1300 recte
492 1268 630 1299 tamen
672 1262 752 1309 jam
780 1261 880 1298 oliln
909 1260 1173 1299 emendatum
1208 1269 1320 1312 puto.
1439 1260 1547 1302 clici-

81 1346 190 1381 mus,
231 1341 266 1368 ct
295 1329 342 1367 cle
374 1345 464 1383 qno.
523 1325 690 1368 Omittit
720 1327 820 1367 haec
849 1330 986 1367 omnia
1022 1327 1132 1368 Flor.
1166 1343 1187 1367 a
1216 1343 1277 1381 pr.
1310 1344 1365 1370 m.
1479 1347 1547 1371 su-

81 1414 181 1438 mus.
237 1396 363 1438 Amb.
386 1403 420 1437 1.
450 1396 542 1436 Par.
566 1401 603 1436 1.
636 1410 795 1450 quoque
825 1398 957 1435 simus.

197 1466 235 1517 §.
267 1471 307 1506 2.
367 1460 535 1504 Rurs'us.
595 1462 722 1504 Amb.
749 1468 788 1504 1.
823 1463 936 1520 rzfits
964 1479 1058 1503 cum
1086 1463 1194 1504 Flor.
1227 1479 1345 1505 asec.
1366 1481 1439 1517 m.,
1470 1469 1545 1522 qui

80 1543 217 1573 tamen
241 1549 262 1573 a
281 1549 339 1587 pr.
362 1548 418 1573 m.
456 1530 604 1589 rmfus.
722 1531 982 1572 arbitrantur.
1042 1530 1165 1572 Amb.
1196 1537 1232 1573 1.
1268 1533 1406 1575 Turio.
1432 1551 1455 1576 a
1480 1552 1541 1590 pr.

82 1617 137 1641 m.
168 1601 275 1642 Flor.
309 1618 330 1641 a
351 1617 411 1655 pr.
439 1616 496 1640 m.
527 1599 761 1641 arbitratur.
784 1636 795 1645 ,
827 1598 889 1640 Cf.
921 1601 971 1640 ad
1000 1598 1075 1652 III,
1108 1606 1147 1652 8,
1181 1606 1248 1642 37.
1277 1644 1281 1647 ,
1363 1613 1399 1642 et
1426 1607 1545 1644 exci-

80 1669 184 1710 dere.
222 1668 357 1710 Guelf.
374 1668 497 1710 Goth.
510 1667 613 1708 Bad.
637 1683 732 1707 cum
752 1676 843 1708 cett.
866 1677 958 1707 ante
979 1666 1135 1722 Gryph.
1157 1671 1256 1708 meis
1279 1674 1473 1711 omittunt
1493 1682 1543 1712 et.

188 1740 520 1793 praeterierimuS.
573 1734 707 1779 Amb.
741 1741 779 1776 1.
811 1742 851 1777 2.
889 1735 1000 1776 Flor.
1040 1739 1313 1791 praeterimuS.
1372 1737 1465 1780 Par.
1499 1744 1545 1781 1,

76 1809 368 1861 practer-icmus.
474 1804 642 1845 accidet.
703 1802 839 1846 Guelf.
860 1820 883 1844 a
902 1821 962 1859 pr.
983 1820 1038 1845 m.
1070 1802 1196 1865 Goth.
1231 1803 1350 1846 Voss.
1374 1812 1411 1846 1.
1429 1813 1469 1847 2.
1484 1812 1539 1859 3.¹

78 1883 119 1914 et
147 1883 303 1927 praeter
344 1874 433 1913 edd.
473 1888 537 1926 ap.
566 1871 710 1913 Burm.
752 1888 890 1913 omnes
929 1887 1046 1912 meae
1087 1888 1110 1912 a
1150 1872 1257 1914 Jem.
1297 1874 1349 1913 ad
1377 1872 1540 1929 Gry-ph.

77 1941 243 1982 accidit.
359 1939 415 1980 ad
442 1939 648 1993 agendum.
705 1939 814 1980 Flor.
847 1955 870 1979 a
897 1956 958 1994 pr.
989 1955 1044 1980 m.
1078 1940 1251 1981 Chouet.
1284 1943 1410 1982 omitt.
1441 1942 1508 1984 ad.

191 2013 224 2062 §.
258 2012 298 2048 3.
367 2005 503 2048 lucida
541 2018 597 2047 est
638 2010 757 2048 ratio.
817 2007 886 2048 Sic
929 2010 1052 2047 etiam
1087 2007 1215 2049 Ajnb.
1250 2014 1288 2049 1.
1390 2008 1419 2050 Ζ.
1443 2027 1476 2050 e.
1498 2022 1540 2050 ut

76 2079 207 2118 oratio
236 2075 343 2116 Flor.
383 2091 406 2116 a
441 2091 501 2130 pr.
534 2090 591 2115 m.
660 2074 687 2115 Ζ.
727 2078 778 2115 sit
816 2086 858 2114 ut
894 2077 997 2115 ratio
1027 2091 1050 2115 a
1077 2091 1155 2117 sec.
1185 2091 1241 2116 m.
1310 2075 1338 2117 Ζ.
1368 2087 1405 2116 st
1434 2080 1538 2119 ratio

72 2143 200 2188 Amb.
226 2149 262 2184 2.
350 2155 491 2184 rectae.
537 2142 666 2184 Aan.
689 2148 727 2184 1.
758 2149 799 2184 2.
830 2145 934 2184 Jens.
966 2154 1082 2183 recte.
1167 2143 1264 2184 culco
1287 2155 1342 2185 ut.
1400 2143 1537 2186 Etiam

72 2211 201 2253 Amb.
228 2217 264 2252 1.
295 2210 404 2252 Flor.
425 2215 564 2251 insert.
595 2228 759 2266 quoque.
857 2210 913 2260 isi.
944 2209 1073 2251 Amb.
1099 2216 1136 2251 1.
1169 2211 1235 2252 ad.
1336 2211 1532 2255 decedere.

72 2279 212 2321 Turio.
241 2295 264 2319 a
292 2295 351 2334 pr.
377 2295 431 2319 m.
458 2278 567 2320 Flor.
601 2278 746 2320 decere.
809 2277 946 2319 Turic.
979 2294 1002 2318 a
1032 2294 1112 2319 sec.
1141 2294 1198 2319 m.
1229 2279 1418 2320 decidere.

68 2349 334 2404 probaverim.
399 2347 506 2388 Flor.
544 2346 823 2402 probaverunt.
937 2349 1204 2401 pumilionem.
1267 2347 1451 2388 Turic.·a
1470 2365 1532 2403 pr.

70 2431 128 2456 m.
156 2418 393 2470 partionem.
511 2425 602 2456 ires,
660 2415 768 2455 Flor.
799 2414 908 2456 Jens.
940 2412 1041 2456 Loc.
1074 2414 1184 2455 Ven.
1215 2414 1316 2456 Βαᾶ.
1347 2418 1432 2465 tris,
1464 2433 1533 2457 ce·-

70 2492 178 2524 terae
209 2486 258 2523 ab
287 2483 385 2525 Ald.
417 2493 509 2524 ante
538 2483 683 2525 Burm.
716 2486 822 2523 mis.
913 2485 988 2525 hoc
1017 2494 1086 2524 ctut
1115 2482 1196 2523 alio
1228 2493 1369 2525 tamen.
1419 2484 1529 2526 Flor.

72 2565 96 2590 a
121 2566 186 2609 pr.=
200 2565 258 2592 m.
288 2566 370 2592 om.
403 2563 485 2605 aut,
519 2568 541 2592 a
569 2568 647 2592 sec.
678 2555 800 2592 etiam
828 2552 920 2593 alio.
983 2550 1110 2592 Bern.
1140 2551 1216 2592 lzoc
1247 2561 1343 2593 tum.
1397 2549 1529 2594 Amb.

70 2623 111 2660 2.
142 2618 180 2658 h.
212 2635 251 2661 α.
282 2618 335 2661 αῖ.
363 2630 458 2662 tum.
570 2619 716 2676 plures.
775 2619 882 2661 Flor.
907 2619 1050 2676 pluris.

115 2697 214 2734 Tom.
243 2699 285 2735 V.
1035 2687 1068 2728 P
