<?xml version="1.0" encoding="UTF-8"?>
<!DOCTYPE html PUBLIC "-//W3C//DTD XHTML 1.0 Transitional//EN"
    "http://www.w3.org/TR/xhtml1/DTD/xhtml1-transitional.dtd">
<html xmlns="http://www.w3.org/1999/xhtml" xml:lang="en" lang="en">
 <head>
  <title>
</title>
<meta http-equiv="Content-Type" content="text/html;charset=utf-8" />
  <meta name='ocr-system' content='tesseract 3.04.00' />
  <meta name='ocr-capabilities' content='ocr_page ocr_carea ocr_par ocr_line ocrx_word'/>
</head>
<body>
  <div class='ocr_page' id='page_1' title='image "./deinstitutioneor05quinuoft_0260.png"; bbox 0 0 1721 2974; ppageno 0'>
   <div class='ocr_carea' id='block_1_1' title="bbox 106 148 1116 203">
    <p class='ocr_par' dir='ltr' id='par_1_1' title="bbox 106 148 1116 203">
     <span class='ocr_line' id='line_1_1' title="bbox 106 148 1116 203; baseline -0.007 -12"><span class='ocrx_word' id='word_1_1' title='bbox 106 154 186 191; x_wconf 81' lang='grc'>228</span> <span class='ocrx_word' id='word_1_2' title='bbox 546 148 820 203; x_wconf 70' lang='lat' dir='ltr'>Supplemenm</span> <span class='ocrx_word' id='word_1_3' title='bbox 851 148 1116 187; x_wconf 73' lang='lat' dir='ltr'>annotationis</span> 
     </span>
    </p>
   </div>
   <div class='ocr_carea' id='block_1_2' title="bbox 108 260 1575 2412">
    <p class='ocr_par' dir='ltr' id='par_1_2' title="bbox 108 260 1559 383">
     <span class='ocr_line' id='line_1_2' title="bbox 111 260 1559 317; baseline 0.001 -15"><span class='ocrx_word' id='word_1_4' title='bbox 111 263 274 315; x_wconf 83' lang='lat' dir='ltr'>[contra</span> <span class='ocrx_word' id='word_1_5' title='bbox 315 276 435 317; x_wconf 81' lang='lat' dir='ltr'>quam</span> <span class='ocrx_word' id='word_1_6' title='bbox 472 263 603 303; x_wconf 79' lang='lat' dir='ltr'>editur</span> <span class='ocrx_word' id='word_1_7' title='bbox 634 261 740 315; x_wconf 83' lang='lat' dir='ltr'>apud</span> <span class='ocrx_word' id='word_1_8' title='bbox 772 260 1032 310; x_wconf 84' lang='lat' dir='ltr'>Ciceronem,</span> <span class='ocrx_word' id='word_1_9' title='bbox 1081 260 1152 299; x_wconf 77' lang='lat' dir='ltr'>sed</span> <span class='ocrx_word' id='word_1_10' title='bbox 1185 260 1328 300; x_wconf 84' lang='lat' dir='ltr'>eodem</span> <span class='ocrx_word' id='word_1_11' title='bbox 1358 263 1441 301; x_wconf 67' lang='lat' dir='ltr'>fere</span> <span class='ocrx_word' id='word_1_12' title='bbox 1467 278 1559 303; x_wconf 81' lang='lat' dir='ltr'>sen-</span> 
     </span>
     <span class='ocr_line' id='line_1_3' title="bbox 108 327 1462 383; baseline -0.001 -13"><span class='ocrx_word' id='word_1_13' title='bbox 108 330 194 383; x_wconf 89' lang='lat' dir='ltr'>su.]</span> <span class='ocrx_word' id='word_1_14' title='bbox 272 342 416 383; x_wconf 80' lang='lat' dir='ltr'>posset.</span> <span class='ocrx_word' id='word_1_15' title='bbox 476 328 612 370; x_wconf 85' lang='lat' dir='ltr'>Guelf.</span> <span class='ocrx_word' id='word_1_16' title='bbox 645 328 770 369; x_wconf 81' lang='lat' dir='ltr'>Goth.</span> <span class='ocrx_word' id='word_1_17' title='bbox 800 327 891 370; x_wconf 77' lang='lat' dir='ltr'>Par,</span> <span class='ocrx_word' id='word_1_18' title='bbox 914 334 955 368; x_wconf 86' lang='grc'>2.</span> <span class='ocrx_word' id='word_1_19' title='bbox 987 342 1113 380; x_wconf 77' lang='lat' dir='ltr'>marg.</span> <span class='ocrx_word' id='word_1_20' title='bbox 1139 327 1294 368; x_wconf 85' lang='lat' dir='ltr'>Vidov.</span> <span class='ocrx_word' id='word_1_21' title='bbox 1320 339 1462 383; x_wconf 80' lang='lat' dir='ltr'>potest.</span> 
     </span>
    </p>

    <p class='ocr_par' dir='ltr' id='par_1_3' title="bbox 221 389 1562 449">
     <span class='ocr_line' id='line_1_4' title="bbox 221 389 1562 449; baseline -0.001 -11"><span class='ocrx_word' id='word_1_22' title='bbox 221 396 258 448; x_wconf 88' lang='lat'>§.</span> <span class='ocrx_word' id='word_1_23' title='bbox 291 404 358 439; x_wconf 88' lang='grc'>12.</span> <span class='ocrx_word' id='word_1_24' title='bbox 415 409 493 437; x_wconf 78' lang='lat' dir='ltr'>tam</span> <span class='ocrx_word' id='word_1_25' title='bbox 525 401 609 436; x_wconf 71' lang='lat' dir='ltr'>crit.</span> <span class='ocrx_word' id='word_1_26' title='bbox 671 394 794 436; x_wconf 81' lang='lat' dir='ltr'>Goth.</span> <span class='ocrx_word' id='word_1_27' title='bbox 835 395 944 436; x_wconf 87' lang='lat' dir='ltr'>Jens.</span> <span class='ocrx_word' id='word_1_28' title='bbox 985 404 1025 435; x_wconf 83' lang='lat' dir='ltr'>et</span> <span class='ocrx_word' id='word_1_29' title='bbox 1064 396 1156 435; x_wconf 86' lang='lat' dir='ltr'>edd.</span> <span class='ocrx_word' id='word_1_30' title='bbox 1196 410 1258 449; x_wconf 79' lang='lat' dir='ltr'>ap.</span> <span class='ocrx_word' id='word_1_31' title='bbox 1297 394 1438 436; x_wconf 88' lang='lat' dir='ltr'>Burm.</span> <span class='ocrx_word' id='word_1_32' title='bbox 1470 389 1503 436; x_wconf 69' lang='grc' dir='ltr'>ὲ.</span> <span class='ocrx_word' id='word_1_33' title='bbox 1532 407 1562 436; x_wconf 71' lang='lat'>1.</span> 
     </span>
    </p>

    <p class='ocr_par' dir='ltr' id='par_1_4' title="bbox 110 460 1567 725">
     <span class='ocr_line' id='line_1_5' title="bbox 194 460 1567 519; baseline -0.002 -14"><span class='ocrx_word' id='word_1_34' title='bbox 194 477 261 505; x_wconf 80' lang='lat' dir='ltr'>aut</span> <span class='ocrx_word' id='word_1_35' title='bbox 309 468 485 519; x_wconf 80' lang='lat' dir='ltr'>injustus.</span> <span class='ocrx_word' id='word_1_36' title='bbox 561 462 686 503; x_wconf 88' lang='lat' dir='ltr'>Amb.</span> <span class='ocrx_word' id='word_1_37' title='bbox 727 468 765 504; x_wconf 82' lang='grc'>1.</span> <span class='ocrx_word' id='word_1_38' title='bbox 815 461 953 503; x_wconf 77' lang='lat' dir='ltr'>Turio.</span> <span class='ocrx_word' id='word_1_39' title='bbox 1003 460 1114 504; x_wconf 82' lang='lat' dir='ltr'>Alm.</span> <span class='ocrx_word' id='word_1_40' title='bbox 1176 461 1318 517; x_wconf 83' lang='lat' dir='ltr'>Camp.</span> <span class='ocrx_word' id='word_1_41' title='bbox 1373 466 1567 503; x_wconf 72' lang='lat' dir='ltr'>omittunt</span> 
     </span>
     <span class='ocr_line' id='line_1_6' title="bbox 111 528 1566 590; baseline -0.001 -18"><span class='ocrx_word' id='word_1_42' title='bbox 111 543 193 573; x_wconf 71' lang='lat' dir='ltr'>aut.</span> <span class='ocrx_word' id='word_1_43' title='bbox 266 532 454 590; x_wconf 73' lang='lat' dir='ltr'>fateatur</span> <span class='ocrx_word' id='word_1_44' title='bbox 492 533 646 585; x_wconf 74' lang='lat' dir='ltr'>optime.</span> <span class='ocrx_word' id='word_1_45' title='bbox 705 530 814 570; x_wconf 81' lang='lat' dir='ltr'>JeDS·</span> <span class='ocrx_word' id='word_1_46' title='bbox 861 528 962 570; x_wconf 86' lang='lat' dir='ltr'>Loc.</span> <span class='ocrx_word' id='word_1_47' title='bbox 1003 530 1112 571; x_wconf 52' lang='lat' dir='ltr'>Y&#39;en.</span> <span class='ocrx_word' id='word_1_48' title='bbox 1146 548 1182 571; x_wconf 92' lang='grc' dir='ltr'>ο.</span> <span class='ocrx_word' id='word_1_49' title='bbox 1211 530 1260 588; x_wconf 65' lang='lat' dir='ltr'><em>fl</em></span> <span class='ocrx_word' id='word_1_50' title='bbox 1374 530 1566 570; x_wconf 78' lang='lat' dir='ltr'>Murena.</span> 
     </span>
     <span class='ocr_line' id='line_1_7' title="bbox 110 596 1566 654; baseline -0.003 -12"><span class='ocrx_word' id='word_1_51' title='bbox 110 601 235 643; x_wconf 68' lang='lat' dir='ltr'>Ajnb.</span> <span class='ocrx_word' id='word_1_52' title='bbox 269 609 307 642; x_wconf 82' lang='lat'>2.</span> <span class='ocrx_word' id='word_1_53' title='bbox 348 616 521 639; x_wconf 73' lang='lat' dir='ltr'>munera.</span> <span class='ocrx_word' id='word_1_54' title='bbox 609 608 703 637; x_wconf 76' lang='lat' dir='ltr'>ires.</span> <span class='ocrx_word' id='word_1_55' title='bbox 761 596 899 638; x_wconf 79' lang='lat' dir='ltr'>Turio.</span> <span class='ocrx_word' id='word_1_56' title='bbox 933 596 1056 639; x_wconf 84' lang='lat' dir='ltr'>Goth.</span> <span class='ocrx_word' id='word_1_57' title='bbox 1096 601 1183 638; x_wconf 74' lang='lat' dir='ltr'>tris.</span> <span class='ocrx_word' id='word_1_58' title='bbox 1266 609 1402 652; x_wconf 78' lang='lat' dir='ltr'>partes</span> <span class='ocrx_word' id='word_1_59' title='bbox 1416 597 1566 654; x_wconf 66' lang='lat' dir='ltr'>ficisse-</span> 
     </span>
     <span class='ocr_line' id='line_1_8' title="bbox 111 665 1567 725; baseline -0.003 -15"><span class='ocrx_word' id='word_1_60' title='bbox 111 668 235 710; x_wconf 78' lang='lat' dir='ltr'>Aan.</span> <span class='ocrx_word' id='word_1_61' title='bbox 272 675 308 709; x_wconf 85' lang='lat'>1.</span> <span class='ocrx_word' id='word_1_62' title='bbox 329 667 375 725; x_wconf 83' lang='lat' dir='ltr'>f.</span> <span class='ocrx_word' id='word_1_63' title='bbox 403 684 441 721; x_wconf 85' lang='lat' dir='ltr'>p.</span> <span class='ocrx_word' id='word_1_64' title='bbox 546 666 852 719; x_wconf 75' lang='lat' dir='ltr'>reprehensione.</span> <span class='ocrx_word' id='word_1_65' title='bbox 912 665 1050 707; x_wconf 84' lang='lat' dir='ltr'>Turio.</span> <span class='ocrx_word' id='word_1_66' title='bbox 1081 666 1190 707; x_wconf 85' lang='lat' dir='ltr'>Flor.</span> <span class='ocrx_word' id='word_1_67' title='bbox 1224 666 1567 720; x_wconf 73' lang='lat' dir='ltr'>reprehensionem.</span> 
     </span>
    </p>

    <p class='ocr_par' dir='ltr' id='par_1_5' title="bbox 200 732 974 788">
     <span class='ocr_line' id='line_1_9' title="bbox 200 732 974 788; baseline -0.003 -13"><span class='ocrx_word' id='word_1_68' title='bbox 200 738 452 776; x_wconf 70' lang='lat' dir='ltr'>contentione.</span> <span class='ocrx_word' id='word_1_69' title='bbox 513 732 649 774; x_wconf 85' lang='lat' dir='ltr'>Guelf.</span> <span class='ocrx_word' id='word_1_70' title='bbox 682 737 974 788; x_wconf 74' lang='lat' dir='ltr'>contemptione.</span> 
     </span>
    </p>

    <p class='ocr_par' dir='ltr' id='par_1_6' title="bbox 113 799 1568 926">
     <span class='ocr_line' id='line_1_10' title="bbox 223 799 1568 857; baseline -0.002 -14"><span class='ocrx_word' id='word_1_71' title='bbox 223 806 257 856; x_wconf 58' lang='grc' dir='ltr'>ξ.</span> <span class='ocrx_word' id='word_1_72' title='bbox 294 808 356 843; x_wconf 80' lang='grc'>13.</span> <span class='ocrx_word' id='word_1_73' title='bbox 413 814 551 855; x_wconf 66' lang='lat' dir='ltr'>genere</span> <span class='ocrx_word' id='word_1_74' title='bbox 565 804 676 857; x_wconf 78' lang='lat' dir='ltr'><em>prius</em></span> <span class='ocrx_word' id='word_1_75' title='bbox 694 804 729 840; x_wconf 78' lang='lat' dir='ltr'>si</span> <span class='ocrx_word' id='word_1_76' title='bbox 748 817 920 856; x_wconf 78' lang='lat' dir='ltr'>sequens,</span> <span class='ocrx_word' id='word_1_77' title='bbox 980 800 1048 842; x_wconf 81' lang='lat' dir='ltr'>Sic</span> <span class='ocrx_word' id='word_1_78' title='bbox 1078 800 1201 841; x_wconf 85' lang='lat' dir='ltr'>Amb.</span> <span class='ocrx_word' id='word_1_79' title='bbox 1225 807 1261 842; x_wconf 97' lang='grc'>1.</span> <span class='ocrx_word' id='word_1_80' title='bbox 1289 800 1428 841; x_wconf 80' lang='lat' dir='ltr'>Turio.</span> <span class='ocrx_word' id='word_1_81' title='bbox 1461 799 1568 840; x_wconf 79' lang='lat' dir='ltr'>Flor.</span> 
     </span>
     <span class='ocr_line' id='line_1_11' title="bbox 113 868 1568 926; baseline -0.003 -14"><span class='ocrx_word' id='word_1_82' title='bbox 113 887 135 912; x_wconf 84' lang='lat' dir='ltr'>a</span> <span class='ocrx_word' id='word_1_83' title='bbox 163 888 223 926; x_wconf 88' lang='lat' dir='ltr'>pr.</span> <span class='ocrx_word' id='word_1_84' title='bbox 254 887 308 911; x_wconf 81' lang='lat' dir='ltr'>m.</span> <span class='ocrx_word' id='word_1_85' title='bbox 338 869 476 918; x_wconf 73' lang='lat' dir='ltr'>Alm.5</span> <span class='ocrx_word' id='word_1_86' title='bbox 516 873 655 909; x_wconf 82' lang='lat' dir='ltr'>ceteris</span> <span class='ocrx_word' id='word_1_87' title='bbox 694 872 860 909; x_wconf 85' lang='lat' dir='ltr'>omissis.</span> <span class='ocrx_word' id='word_1_88' title='bbox 948 868 1198 925; x_wconf 61' lang='lat' dir='ltr'>(hstnsiom&#39;S.</span> <span class='ocrx_word' id='word_1_89' title='bbox 1229 868 1370 923; x_wconf 76' lang='lat' dir='ltr'>Camp.</span> <span class='ocrx_word' id='word_1_90' title='bbox 1403 871 1568 909; x_wconf 80' lang='lat' dir='ltr'>omittit.</span> 
     </span>
    </p>

    <p class='ocr_par' dir='ltr' id='par_1_7' title="bbox 110 935 1571 1460">
     <span class='ocr_line' id='line_1_12' title="bbox 194 935 1568 993; baseline -0.002 -15"><span class='ocrx_word' id='word_1_91' title='bbox 194 942 305 993; x_wconf 81' lang='lat' dir='ltr'><strong><em>prius</em></strong></span> <span class='ocrx_word' id='word_1_92' title='bbox 344 940 549 992; x_wconf 77' lang='lat' dir='ltr'>pertinere.</span> <span class='ocrx_word' id='word_1_93' title='bbox 611 935 746 978; x_wconf 84' lang='lat' dir='ltr'>Guelf.</span> <span class='ocrx_word' id='word_1_94' title='bbox 778 936 905 977; x_wconf 85' lang='lat' dir='ltr'>Amb.</span> <span class='ocrx_word' id='word_1_95' title='bbox 936 943 976 978; x_wconf 85' lang='lat'>2.</span> <span class='ocrx_word' id='word_1_96' title='bbox 1015 936 1156 991; x_wconf 80' lang='lat' dir='ltr'>Camp.</span> <span class='ocrx_word' id='word_1_97' title='bbox 1196 947 1297 992; x_wconf 80' lang='lat' dir='ltr'>pert.</span> <span class='ocrx_word' id='word_1_98' title='bbox 1338 955 1404 992; x_wconf 83' lang='lat' dir='ltr'>pr.</span> <span class='ocrx_word' id='word_1_99' title='bbox 1492 951 1568 990; x_wconf 84' lang='lat' dir='ltr'>quo</span> 
     </span>
     <span class='ocr_line' id='line_1_13' title="bbox 113 1004 1569 1060; baseline -0.003 -14"><span class='ocrx_word' id='word_1_100' title='bbox 113 1009 222 1047; x_wconf 81' lang='lat' dir='ltr'>enim.</span> <span class='ocrx_word' id='word_1_101' title='bbox 281 1004 418 1046; x_wconf 84' lang='lat' dir='ltr'>Guelf.</span> <span class='ocrx_word' id='word_1_102' title='bbox 439 1005 630 1060; x_wconf 71' lang='lat' dir='ltr'>quomodo</span> <span class='ocrx_word' id='word_1_103' title='bbox 659 1008 774 1044; x_wconf 72' lang='lat' dir='ltr'>enim.</span> <span class='ocrx_word' id='word_1_104' title='bbox 861 1007 961 1043; x_wconf 82' lang='lat' dir='ltr'>enim</span> <span class='ocrx_word' id='word_1_105' title='bbox 984 1007 1111 1059; x_wconf 76' lang='lat' dir='ltr'><strong><em>prius,</em></strong></span> <span class='ocrx_word' id='word_1_106' title='bbox 1169 1004 1280 1045; x_wconf 88' lang='lat' dir='ltr'>Jens.</span> <span class='ocrx_word' id='word_1_107' title='bbox 1306 1015 1345 1045; x_wconf 85' lang='lat' dir='ltr'>et</span> <span class='ocrx_word' id='word_1_108' title='bbox 1365 1013 1455 1045; x_wconf 79' lang='lat' dir='ltr'>cett.</span> <span class='ocrx_word' id='word_1_109' title='bbox 1475 1013 1569 1044; x_wconf 86' lang='lat' dir='ltr'>ante</span> 
     </span>
     <span class='ocr_line' id='line_1_14' title="bbox 111 1071 1570 1128; baseline -0.003 -13"><span class='ocrx_word' id='word_1_110' title='bbox 111 1075 214 1116; x_wconf 87' lang='lat' dir='ltr'>Bad.</span> <span class='ocrx_word' id='word_1_111' title='bbox 242 1091 306 1128; x_wconf 82' lang='lat' dir='ltr'>pr.</span> <span class='ocrx_word' id='word_1_112' title='bbox 339 1089 370 1113; x_wconf 82' lang='lat' dir='ltr'>e.</span> <span class='ocrx_word' id='word_1_113' title='bbox 466 1074 634 1112; x_wconf 79' lang='lat' dir='ltr'>obstare.</span> <span class='ocrx_word' id='word_1_114' title='bbox 704 1072 846 1126; x_wconf 83' lang='lat' dir='ltr'>Camp.</span> <span class='ocrx_word' id='word_1_115' title='bbox 889 1082 1081 1112; x_wconf 76' lang='lat' dir='ltr'>constare.</span> <span class='ocrx_word' id='word_1_116' title='bbox 1167 1073 1311 1128; x_wconf 78' lang='lat' dir='ltr'>fidem.</span> <span class='ocrx_word' id='word_1_117' title='bbox 1369 1071 1495 1112; x_wconf 89' lang='lat' dir='ltr'>Amb.</span> <span class='ocrx_word' id='word_1_118' title='bbox 1533 1077 1570 1111; x_wconf 85' lang='lat'>1.</span> 
     </span>
     <span class='ocr_line' id='line_1_15' title="bbox 111 1137 1568 1193; baseline -0.003 -11"><span class='ocrx_word' id='word_1_119' title='bbox 111 1143 251 1182; x_wconf 83' lang='lat' dir='ltr'>Turio.</span> <span class='ocrx_word' id='word_1_120' title='bbox 278 1141 385 1181; x_wconf 83' lang='lat' dir='ltr'>Flor.</span> <span class='ocrx_word' id='word_1_121' title='bbox 419 1152 441 1178; x_wconf 79' lang='lat' dir='ltr'>a</span> <span class='ocrx_word' id='word_1_122' title='bbox 469 1156 528 1193; x_wconf 83' lang='lat' dir='ltr'>pr.</span> <span class='ocrx_word' id='word_1_123' title='bbox 558 1155 615 1180; x_wconf 84' lang='lat' dir='ltr'>m.</span> <span class='ocrx_word' id='word_1_124' title='bbox 646 1137 765 1180; x_wconf 85' lang='lat' dir='ltr'>Alm.</span> <span class='ocrx_word' id='word_1_125' title='bbox 797 1143 1004 1180; x_wconf 79' lang='lat' dir='ltr'>omittunt.</span> <span class='ocrx_word' id='word_1_126' title='bbox 1096 1151 1245 1180; x_wconf 81' lang='lat' dir='ltr'>neutro.</span> <span class='ocrx_word' id='word_1_127' title='bbox 1305 1138 1443 1180; x_wconf 86' lang='lat' dir='ltr'>Guelf.</span> <span class='ocrx_word' id='word_1_128' title='bbox 1474 1156 1568 1177; x_wconf 81' lang='lat' dir='ltr'>neu-</span> 
     </span>
     <span class='ocr_line' id='line_1_16' title="bbox 113 1205 1570 1264; baseline -0.003 -15"><span class='ocrx_word' id='word_1_129' title='bbox 113 1222 264 1264; x_wconf 83' lang='lat' dir='ltr'>troque.</span> <span class='ocrx_word' id='word_1_130' title='bbox 378 1207 649 1247; x_wconf 74' lang='lat' dir='ltr'>indubitabile.</span> <span class='ocrx_word' id='word_1_131' title='bbox 708 1205 827 1247; x_wconf 85' lang='lat' dir='ltr'>Amb.</span> <span class='ocrx_word' id='word_1_132' title='bbox 862 1212 899 1248; x_wconf 89' lang='lat'>1.</span> <span class='ocrx_word' id='word_1_133' title='bbox 943 1207 1170 1248; x_wconf 76' lang='lat' dir='ltr'>indubilale.</span> <span class='ocrx_word' id='word_1_134' title='bbox 1230 1207 1338 1248; x_wconf 83' lang='lat' dir='ltr'>Flor.</span> <span class='ocrx_word' id='word_1_135' title='bbox 1370 1207 1570 1246; x_wconf 75' lang='lat' dir='ltr'>indubita-</span> 
     </span>
     <span class='ocr_line' id='line_1_17' title="bbox 111 1273 1570 1329; baseline -0.001 -13"><span class='ocrx_word' id='word_1_136' title='bbox 111 1277 242 1316; x_wconf 74' lang='lat' dir='ltr'>bilem.</span> <span class='ocrx_word' id='word_1_137' title='bbox 299 1275 419 1316; x_wconf 86' lang='lat' dir='ltr'>Voss.</span> <span class='ocrx_word' id='word_1_138' title='bbox 444 1280 481 1315; x_wconf 84' lang='lat'>1.</span> <span class='ocrx_word' id='word_1_139' title='bbox 512 1274 741 1315; x_wconf 73' lang='lat' dir='ltr'>indubitate.</span> <span class='ocrx_word' id='word_1_140' title='bbox 857 1273 931 1329; x_wconf 82' lang='lat' dir='ltr'>est)</span> <span class='ocrx_word' id='word_1_141' title='bbox 960 1278 1011 1315; x_wconf 80' lang='lat' dir='ltr'>sit</span> <span class='ocrx_word' id='word_1_142' title='bbox 1040 1275 1140 1316; x_wconf 82' lang='lat' dir='ltr'>solo.</span> <span class='ocrx_word' id='word_1_143' title='bbox 1199 1274 1268 1316; x_wconf 76' lang='lat' dir='ltr'>Sic</span> <span class='ocrx_word' id='word_1_144' title='bbox 1298 1278 1420 1314; x_wconf 82' lang='lat' dir='ltr'>etiam</span> <span class='ocrx_word' id='word_1_145' title='bbox 1446 1273 1570 1315; x_wconf 84' lang='lat' dir='ltr'>Amb.</span> 
     </span>
     <span class='ocr_line' id='line_1_18' title="bbox 113 1340 1571 1385; baseline -0.001 -1"><span class='ocrx_word' id='word_1_146' title='bbox 113 1350 152 1385; x_wconf 88' lang='lat'>1.</span> <span class='ocrx_word' id='word_1_147' title='bbox 196 1343 288 1384; x_wconf 85' lang='lat' dir='ltr'>Par.</span> <span class='ocrx_word' id='word_1_148' title='bbox 326 1349 364 1384; x_wconf 86' lang='lat'>1.</span> <span class='ocrx_word' id='word_1_149' title='bbox 393 1350 433 1385; x_wconf 79' lang='lat'>2.</span> <span class='ocrx_word' id='word_1_150' title='bbox 464 1346 504 1385; x_wconf 85' lang='lat'>5.</span> <span class='ocrx_word' id='word_1_151' title='bbox 546 1341 675 1384; x_wconf 76' lang='lat' dir='ltr'>Colin.</span> <span class='ocrx_word' id='word_1_152' title='bbox 732 1341 794 1383; x_wconf 81' lang='lat' dir='ltr'>At</span> <span class='ocrx_word' id='word_1_153' title='bbox 831 1341 953 1383; x_wconf 86' lang='lat' dir='ltr'>Amb.</span> <span class='ocrx_word' id='word_1_154' title='bbox 989 1349 1031 1384; x_wconf 88' lang='lat'>2.</span> <span class='ocrx_word' id='word_1_155' title='bbox 1064 1359 1144 1384; x_wconf 89' lang='lat' dir='ltr'>om.</span> <span class='ocrx_word' id='word_1_156' title='bbox 1182 1346 1248 1384; x_wconf 85' lang='lat' dir='ltr'>sit.</span> <span class='ocrx_word' id='word_1_157' title='bbox 1308 1340 1445 1383; x_wconf 82' lang='lat' dir='ltr'>Guelf.</span> <span class='ocrx_word' id='word_1_158' title='bbox 1475 1359 1507 1383; x_wconf 87' lang='lat' dir='ltr'>e.</span> <span class='ocrx_word' id='word_1_159' title='bbox 1536 1358 1571 1382; x_wconf 76' lang='lat' dir='ltr'>s-</span> 
     </span>
     <span class='ocr_line' id='line_1_19' title="bbox 110 1411 842 1460; baseline -0.007 -8"><span class='ocrx_word' id='word_1_160' title='bbox 110 1411 243 1452; x_wconf 81' lang='lat' dir='ltr'>moclo.</span> <span class='ocrx_word' id='word_1_161' title='bbox 674 1446 676 1448; x_wconf 82' lang='grc'><strong>.</strong></span> <span class='ocrx_word' id='word_1_162' title='bbox 838 1456 842 1460; x_wconf 20' lang='grc' dir='ltr'>ἱ</span> 
     </span>
    </p>

    <p class='ocr_par' dir='ltr' id='par_1_8' title="bbox 111 1475 1571 1601">
     <span class='ocr_line' id='line_1_20' title="bbox 225 1475 1571 1534; baseline -0.001 -15"><span class='ocrx_word' id='word_1_163' title='bbox 225 1484 262 1532; x_wconf 83' lang='lat'>§.</span> <span class='ocrx_word' id='word_1_164' title='bbox 296 1480 360 1520; x_wconf 73' lang='lat'>14.</span> <span class='ocrx_word' id='word_1_165' title='bbox 419 1479 479 1518; x_wconf 77' lang='lat' dir='ltr'>At</span> <span class='ocrx_word' id='word_1_166' title='bbox 518 1481 554 1517; x_wconf 81' lang='lat' dir='ltr'>si</span> <span class='ocrx_word' id='word_1_167' title='bbox 592 1478 699 1534; x_wconf 73' lang='lat' dir='ltr'>quid.</span> <span class='ocrx_word' id='word_1_168' title='bbox 759 1477 898 1519; x_wconf 81' lang='lat' dir='ltr'>Turio.</span> <span class='ocrx_word' id='word_1_169' title='bbox 939 1496 988 1519; x_wconf 82' lang='lat' dir='ltr'>ac</span> <span class='ocrx_word' id='word_1_170' title='bbox 1027 1482 1063 1519; x_wconf 75' lang='lat' dir='ltr'>si</span> <span class='ocrx_word' id='word_1_171' title='bbox 1103 1477 1219 1534; x_wconf 76' lang='lat' dir='ltr'>quod.</span> <span class='ocrx_word' id='word_1_172' title='bbox 1288 1476 1402 1519; x_wconf 89' lang='lat' dir='ltr'>Alm.</span> <span class='ocrx_word' id='word_1_173' title='bbox 1444 1475 1571 1518; x_wconf 75' lang='lat' dir='ltr'>Goth.</span> 
     </span>
     <span class='ocr_line' id='line_1_21' title="bbox 111 1545 1569 1601; baseline -0.001 -14"><span class='ocrx_word' id='word_1_174' title='bbox 111 1545 235 1587; x_wconf 86' lang='lat' dir='ltr'>Amb.</span> <span class='ocrx_word' id='word_1_175' title='bbox 265 1553 302 1588; x_wconf 83' lang='lat'>2.</span> <span class='ocrx_word' id='word_1_176' title='bbox 343 1563 392 1587; x_wconf 83' lang='lat' dir='ltr'>ac</span> <span class='ocrx_word' id='word_1_177' title='bbox 421 1551 457 1586; x_wconf 83' lang='lat' dir='ltr'>si</span> <span class='ocrx_word' id='word_1_178' title='bbox 485 1546 592 1601; x_wconf 72' lang='lat' dir='ltr'>quid.</span> <span class='ocrx_word' id='word_1_179' title='bbox 694 1549 734 1585; x_wconf 80' lang='lat' dir='ltr'>in</span> <span class='ocrx_word' id='word_1_180' title='bbox 763 1563 821 1587; x_wconf 85' lang='lat' dir='ltr'>co.</span> <span class='ocrx_word' id='word_1_181' title='bbox 880 1546 991 1588; x_wconf 82' lang='lat' dir='ltr'>Jens.</span> <span class='ocrx_word' id='word_1_182' title='bbox 1022 1546 1124 1587; x_wconf 85' lang='lat' dir='ltr'>Loc.</span> <span class='ocrx_word' id='word_1_183' title='bbox 1154 1545 1260 1586; x_wconf 87' lang='lat' dir='ltr'>Ven.</span> <span class='ocrx_word' id='word_1_184' title='bbox 1293 1550 1486 1586; x_wconf 74' lang='lat' dir='ltr'>omittunt</span> <span class='ocrx_word' id='word_1_185' title='bbox 1514 1548 1569 1586; x_wconf 80' lang='grc' dir='ltr'>ἰη.</span> 
     </span>
    </p>

    <p class='ocr_par' dir='ltr' id='par_1_9' title="bbox 112 1611 1572 1860">
     <span class='ocr_line' id='line_1_22' title="bbox 196 1611 1570 1669; baseline 0.001 -17"><span class='ocrx_word' id='word_1_186' title='bbox 196 1625 391 1669; x_wconf 78' lang='lat' dir='ltr'>tanquam.</span> <span class='ocrx_word' id='word_1_187' title='bbox 458 1612 598 1668; x_wconf 87' lang='lat' dir='ltr'>Camp.</span> <span class='ocrx_word' id='word_1_188' title='bbox 641 1625 784 1654; x_wconf 83' lang='lat' dir='ltr'>tamen.</span> <span class='ocrx_word' id='word_1_189' title='bbox 896 1615 1035 1654; x_wconf 69' lang='lat' dir='ltr'>credet.</span> <span class='ocrx_word' id='word_1_190' title='bbox 1103 1613 1242 1654; x_wconf 83' lang='lat' dir='ltr'>Turio.</span> <span class='ocrx_word' id='word_1_191' title='bbox 1283 1612 1393 1653; x_wconf 85' lang='lat' dir='ltr'>Flor.</span> <span class='ocrx_word' id='word_1_192' title='bbox 1433 1611 1570 1654; x_wconf 78' lang='lat' dir='ltr'>Guelf&#39;.</span> 
     </span>
     <span class='ocr_line' id='line_1_23' title="bbox 112 1679 1572 1735; baseline -0.001 -13"><span class='ocrx_word' id='word_1_193' title='bbox 112 1679 234 1722; x_wconf 77' lang='lat' dir='ltr'>Aan.</span> <span class='ocrx_word' id='word_1_194' title='bbox 253 1686 294 1722; x_wconf 83' lang='lat'>2.</span> <span class='ocrx_word' id='word_1_195' title='bbox 326 1680 451 1721; x_wconf 85' lang='lat' dir='ltr'>Bern.</span> <span class='ocrx_word' id='word_1_196' title='bbox 485 1681 622 1721; x_wconf 68' lang='lat' dir='ltr'>credit.</span> <span class='ocrx_word' id='word_1_197' title='bbox 727 1681 793 1721; x_wconf 86' lang='lat' dir='ltr'>Ut.</span> <span class='ocrx_word' id='word_1_198' title='bbox 854 1679 980 1722; x_wconf 80' lang='lat' dir='ltr'>Goth.</span> <span class='ocrx_word' id='word_1_199' title='bbox 1013 1692 1095 1721; x_wconf 82' lang='lat' dir='ltr'>aut.</span> <span class='ocrx_word' id='word_1_200' title='bbox 1181 1682 1321 1735; x_wconf 82' lang='lat' dir='ltr'>possit.</span> <span class='ocrx_word' id='word_1_201' title='bbox 1381 1679 1522 1721; x_wconf 85' lang='lat' dir='ltr'>Turio.</span> <span class='ocrx_word' id='word_1_202' title='bbox 1550 1696 1572 1720; x_wconf 84' lang='lat' dir='ltr'>a</span> 
     </span>
     <span class='ocr_line' id='line_1_24' title="bbox 112 1747 1485 1804; baseline 0 -16"><span class='ocrx_word' id='word_1_203' title='bbox 112 1765 172 1802; x_wconf 85' lang='lat' dir='ltr'>pr.</span> <span class='ocrx_word' id='word_1_204' title='bbox 192 1764 250 1789; x_wconf 86' lang='lat' dir='ltr'>m.</span> <span class='ocrx_word' id='word_1_205' title='bbox 280 1748 387 1789; x_wconf 84' lang='lat' dir='ltr'>Flor.</span> <span class='ocrx_word' id='word_1_206' title='bbox 420 1748 547 1788; x_wconf 86' lang='lat' dir='ltr'>Amb.</span> <span class='ocrx_word' id='word_1_207' title='bbox 572 1749 615 1788; x_wconf 83' lang='grc'>2.</span> <span class='ocrx_word' id='word_1_208' title='bbox 645 1747 754 1789; x_wconf 86' lang='lat' dir='ltr'>Jens.</span> <span class='ocrx_word' id='word_1_209' title='bbox 786 1758 826 1789; x_wconf 86' lang='lat' dir='ltr'>et</span> <span class='ocrx_word' id='word_1_210' title='bbox 853 1752 1034 1804; x_wconf 83' lang='lat' dir='ltr'>reliquae</span> <span class='ocrx_word' id='word_1_211' title='bbox 1064 1757 1156 1788; x_wconf 72' lang='lat' dir='ltr'>ante</span> <span class='ocrx_word' id='word_1_212' title='bbox 1183 1748 1311 1787; x_wconf 85' lang='lat' dir='ltr'>Stoer.</span> <span class='ocrx_word' id='word_1_213' title='bbox 1340 1758 1485 1802; x_wconf 75' lang='lat' dir='ltr'>posset.</span> 
     </span>
     <span class='ocr_line' id='line_1_25' title="bbox 112 1815 1444 1860; baseline -0.001 -5"><span class='ocrx_word' id='word_1_214' title='bbox 112 1819 296 1857; x_wconf 78' lang='lat' dir='ltr'>incertae.</span> <span class='ocrx_word' id='word_1_215' title='bbox 354 1815 490 1856; x_wconf 80' lang='lat' dir='ltr'>Etiam</span> <span class='ocrx_word' id='word_1_216' title='bbox 517 1816 648 1860; x_wconf 74' lang='lat' dir='ltr'>Amb,</span> <span class='ocrx_word' id='word_1_217' title='bbox 683 1822 720 1856; x_wconf 91' lang='lat'>1.</span> <span class='ocrx_word' id='word_1_218' title='bbox 753 1823 792 1857; x_wconf 86' lang='lat'>2.</span> <span class='ocrx_word' id='word_1_219' title='bbox 823 1816 931 1856; x_wconf 88' lang='lat' dir='ltr'>Flor.</span> <span class='ocrx_word' id='word_1_220' title='bbox 963 1816 1055 1856; x_wconf 84' lang='lat' dir='ltr'>Par.</span> <span class='ocrx_word' id='word_1_221' title='bbox 1081 1820 1117 1856; x_wconf 88' lang='lat'>1.</span> <span class='ocrx_word' id='word_1_222' title='bbox 1140 1822 1180 1856; x_wconf 91' lang='lat'>2.</span> <span class='ocrx_word' id='word_1_223' title='bbox 1205 1819 1244 1855; x_wconf 86' lang='lat'>3.</span> <span class='ocrx_word' id='word_1_224' title='bbox 1279 1818 1444 1854; x_wconf 75' lang='lat' dir='ltr'>incerta.</span> 
     </span>
    </p>

    <p class='ocr_par' dir='ltr' id='par_1_10' title="bbox 111 1880 1574 2128">
     <span class='ocr_line' id='line_1_26' title="bbox 224 1880 1571 1938; baseline -0.001 -14"><span class='ocrx_word' id='word_1_225' title='bbox 224 1886 263 1938; x_wconf 84' lang='lat'>§.</span> <span class='ocrx_word' id='word_1_226' title='bbox 297 1889 364 1925; x_wconf 85' lang='lat'>15.</span> <span class='ocrx_word' id='word_1_227' title='bbox 423 1884 592 1925; x_wconf 76' lang='lat' dir='ltr'>Milone.</span> <span class='ocrx_word' id='word_1_228' title='bbox 654 1881 791 1924; x_wconf 87' lang='lat' dir='ltr'>Guelf.</span> <span class='ocrx_word' id='word_1_229' title='bbox 832 1883 998 1924; x_wconf 79' lang='lat' dir='ltr'>Miloni.</span> <span class='ocrx_word' id='word_1_230' title='bbox 1098 1886 1239 1938; x_wconf 85' lang='lat' dir='ltr'>primo.</span> <span class='ocrx_word' id='word_1_231' title='bbox 1296 1881 1433 1922; x_wconf 83' lang='lat' dir='ltr'>Etiam</span> <span class='ocrx_word' id='word_1_232' title='bbox 1461 1880 1571 1922; x_wconf 87' lang='lat' dir='ltr'>Flor.</span> 
     </span>
     <span class='ocr_line' id='line_1_27' title="bbox 111 1949 1574 2007; baseline -0.003 -16"><span class='ocrx_word' id='word_1_233' title='bbox 111 1949 236 1992; x_wconf 88' lang='lat' dir='ltr'>Amb.</span> <span class='ocrx_word' id='word_1_234' title='bbox 262 1958 300 1992; x_wconf 92' lang='lat'>1.</span> <span class='ocrx_word' id='word_1_235' title='bbox 323 1958 363 1993; x_wconf 87' lang='lat'>2.</span> <span class='ocrx_word' id='word_1_236' title='bbox 392 1955 574 2007; x_wconf 83' lang='lat' dir='ltr'>primum.</span> <span class='ocrx_word' id='word_1_237' title='bbox 677 1967 732 1990; x_wconf 70' lang='lat' dir='ltr'>em</span> <span class='ocrx_word' id='word_1_238' title='bbox 763 1951 991 1991; x_wconf 73' lang='lat' dir='ltr'>abundanti.</span> <span class='ocrx_word' id='word_1_239' title='bbox 1050 1950 1158 1990; x_wconf 89' lang='lat' dir='ltr'>Flor.</span> <span class='ocrx_word' id='word_1_240' title='bbox 1190 1965 1213 1989; x_wconf 81' lang='lat' dir='ltr'>a</span> <span class='ocrx_word' id='word_1_241' title='bbox 1242 1965 1302 2003; x_wconf 86' lang='lat' dir='ltr'>pr.</span> <span class='ocrx_word' id='word_1_242' title='bbox 1333 1965 1390 1988; x_wconf 88' lang='lat' dir='ltr'>m.</span> <span class='ocrx_word' id='word_1_243' title='bbox 1425 1965 1480 1987; x_wconf 77' lang='lat' dir='ltr'>ex</span> <span class='ocrx_word' id='word_1_244' title='bbox 1500 1949 1574 1988; x_wconf 77' lang='lat' dir='ltr'>ha-</span> 
     </span>
     <span class='ocr_line' id='line_1_28' title="bbox 114 2015 1574 2071; baseline -0.001 -14"><span class='ocrx_word' id='word_1_245' title='bbox 114 2019 393 2071; x_wconf 74' lang='lat' dir='ltr'>bundantiam,</span> <span class='ocrx_word' id='word_1_246' title='bbox 455 2035 477 2058; x_wconf 86' lang='lat' dir='ltr'>a</span> <span class='ocrx_word' id='word_1_247' title='bbox 513 2036 592 2059; x_wconf 91' lang='lat' dir='ltr'>sec.</span> <span class='ocrx_word' id='word_1_248' title='bbox 631 2035 689 2059; x_wconf 88' lang='lat' dir='ltr'>m.</span> <span class='ocrx_word' id='word_1_249' title='bbox 731 2034 786 2058; x_wconf 70' lang='lat' dir='ltr'>ex</span> <span class='ocrx_word' id='word_1_250' title='bbox 825 2018 1108 2058; x_wconf 72' lang='lat' dir='ltr'>habundantia.</span> <span class='ocrx_word' id='word_1_251' title='bbox 1177 2015 1312 2059; x_wconf 87' lang='lat' dir='ltr'>Guelf.</span> <span class='ocrx_word' id='word_1_252' title='bbox 1351 2027 1388 2056; x_wconf 86' lang='lat' dir='ltr'>ct</span> <span class='ocrx_word' id='word_1_253' title='bbox 1424 2016 1574 2056; x_wconf 76' lang='lat' dir='ltr'><strong><em>habun-</em></strong></span> 
     </span>
     <span class='ocr_line' id='line_1_29' title="bbox 114 2083 1344 2128; baseline 0.001 -4"><span class='ocrx_word' id='word_1_254' title='bbox 114 2085 239 2127; x_wconf 76' lang='lat' dir='ltr'>danti.</span> <span class='ocrx_word' id='word_1_255' title='bbox 356 2087 482 2128; x_wconf 73' lang='lat' dir='ltr'>addit.</span> <span class='ocrx_word' id='word_1_256' title='bbox 541 2085 663 2127; x_wconf 83' lang='lat' dir='ltr'>Amb.</span> <span class='ocrx_word' id='word_1_257' title='bbox 690 2092 727 2127; x_wconf 91' lang='lat'>1.</span> <span class='ocrx_word' id='word_1_258' title='bbox 756 2087 865 2127; x_wconf 84' lang='lat' dir='ltr'>Flor.</span> <span class='ocrx_word' id='word_1_259' title='bbox 898 2083 1019 2126; x_wconf 78' lang='lat' dir='ltr'>Voss.</span> <span class='ocrx_word' id='word_1_260' title='bbox 1048 2092 1086 2126; x_wconf 93' lang='lat'>1.</span> <span class='ocrx_word' id='word_1_261' title='bbox 1113 2090 1152 2125; x_wconf 88' lang='lat'>3.</span> <span class='ocrx_word' id='word_1_262' title='bbox 1175 2084 1344 2125; x_wconf 72' lang='lat' dir='ltr'>addidit.</span> 
     </span>
    </p>

    <p class='ocr_par' dir='ltr' id='par_1_11' title="bbox 114 2149 1575 2412">
     <span class='ocr_line' id='line_1_30' title="bbox 228 2149 1574 2210; baseline -0.001 -17"><span class='ocrx_word' id='word_1_263' title='bbox 228 2155 267 2204; x_wconf 85' lang='lat'>§.</span> <span class='ocrx_word' id='word_1_264' title='bbox 302 2160 369 2194; x_wconf 84' lang='lat'>16.</span> <span class='ocrx_word' id='word_1_265' title='bbox 428 2154 562 2210; x_wconf 75' lang='lat' dir='ltr'>Neque</span> <span class='ocrx_word' id='word_1_266' title='bbox 594 2154 719 2195; x_wconf 81' lang='lat' dir='ltr'>illum.</span> <span class='ocrx_word' id='word_1_267' title='bbox 780 2152 903 2194; x_wconf 90' lang='lat' dir='ltr'>Goth.</span> <span class='ocrx_word' id='word_1_268' title='bbox 934 2152 1039 2194; x_wconf 83' lang='lat' dir='ltr'>Bad.</span> <span class='ocrx_word' id='word_1_269' title='bbox 1072 2151 1227 2194; x_wconf 77' lang='lat' dir='ltr'>Cervic.</span> <span class='ocrx_word' id='word_1_270' title='bbox 1256 2151 1390 2193; x_wconf 83' lang='lat' dir='ltr'>Colin.</span> <span class='ocrx_word' id='word_1_271' title='bbox 1415 2149 1574 2205; x_wconf 79' lang='lat' dir='ltr'><strong>Gryph-</strong></span> 
     </span>
     <span class='ocr_line' id='line_1_31' title="bbox 114 2217 1575 2262; baseline 0 -3"><span class='ocrx_word' id='word_1_272' title='bbox 114 2236 185 2260; x_wconf 83' lang='lat' dir='ltr'>nec</span> <span class='ocrx_word' id='word_1_273' title='bbox 213 2220 340 2261; x_wconf 83' lang='lat' dir='ltr'>illum.</span> <span class='ocrx_word' id='word_1_274' title='bbox 409 2221 519 2262; x_wconf 87' lang='lat' dir='ltr'>Jens.</span> <span class='ocrx_word' id='word_1_275' title='bbox 552 2220 654 2262; x_wconf 88' lang='lat' dir='ltr'>Loc.</span> <span class='ocrx_word' id='word_1_276' title='bbox 686 2220 798 2262; x_wconf 80' lang='lat' dir='ltr'>Ven.</span> <span class='ocrx_word' id='word_1_277' title='bbox 830 2238 900 2262; x_wconf 82' lang='lat' dir='ltr'>nec</span> <span class='ocrx_word' id='word_1_278' title='bbox 935 2221 1071 2261; x_wconf 85' lang='lat' dir='ltr'>ullum.</span> <span class='ocrx_word' id='word_1_279' title='bbox 1188 2219 1375 2260; x_wconf 75' lang='lat' dir='ltr'>ordinem.</span> <span class='ocrx_word' id='word_1_280' title='bbox 1433 2217 1575 2259; x_wconf 83' lang='lat' dir='ltr'>Turio.</span> 
     </span>
     <span class='ocr_line' id='line_1_32' title="bbox 114 2285 1575 2344; baseline -0.001 -18"><span class='ocrx_word' id='word_1_281' title='bbox 114 2303 197 2327; x_wconf 88' lang='lat' dir='ltr'>om.</span> <span class='ocrx_word' id='word_1_282' title='bbox 304 2289 586 2330; x_wconf 77' lang='lat' dir='ltr'>damnaverim.</span> <span class='ocrx_word' id='word_1_283' title='bbox 647 2288 788 2342; x_wconf 84' lang='lat' dir='ltr'>Camp.</span> <span class='ocrx_word' id='word_1_284' title='bbox 821 2289 1130 2344; x_wconf 76' lang='lat' dir='ltr'>dampnaverim.</span> <span class='ocrx_word' id='word_1_285' title='bbox 1233 2288 1405 2326; x_wconf 76' lang='lat' dir='ltr'>etiamsi.</span> <span class='ocrx_word' id='word_1_286' title='bbox 1462 2285 1575 2326; x_wconf 88' lang='lat' dir='ltr'>Flor.</span> 
     </span>
     <span class='ocr_line' id='line_1_33' title="bbox 117 2354 1575 2412; baseline -0.002 -17"><span class='ocrx_word' id='word_1_287' title='bbox 117 2358 268 2396; x_wconf 82' lang='lat' dir='ltr'>omittit</span> <span class='ocrx_word' id='word_1_288' title='bbox 296 2372 454 2412; x_wconf 88' lang='lat' dir='ltr'>quoque</span> <span class='ocrx_word' id='word_1_289' title='bbox 479 2360 610 2398; x_wconf 79' lang='lat' dir='ltr'>etiam.</span> <span class='ocrx_word' id='word_1_290' title='bbox 702 2367 791 2396; x_wconf 78' lang='lat' dir='ltr'>sunt</span> <span class='ocrx_word' id='word_1_291' title='bbox 823 2355 936 2397; x_wconf 76' lang='lat' dir='ltr'>dura.</span> <span class='ocrx_word' id='word_1_292' title='bbox 999 2354 1124 2397; x_wconf 87' lang='lat' dir='ltr'>Goth.</span> <span class='ocrx_word' id='word_1_293' title='bbox 1156 2359 1238 2395; x_wconf 78' lang='lat' dir='ltr'>sint</span> <span class='ocrx_word' id='word_1_294' title='bbox 1267 2354 1306 2394; x_wconf 77' lang='lat' dir='ltr'>d.</span> <span class='ocrx_word' id='word_1_295' title='bbox 1405 2368 1575 2408; x_wconf 81' lang='lat' dir='ltr'>sequun-</span> 
     </span>
    </p>
   </div>
   <div class='ocr_carea' id='block_1_3' title="bbox 116 2419 1618 2479">
    <p class='ocr_par' dir='ltr' id='par_1_12' title="bbox 116 2419 1618 2479">
     <span class='ocr_line' id='line_1_34' title="bbox 116 2419 1618 2479; baseline -0.001 -18"><span class='ocrx_word' id='word_1_296' title='bbox 116 2432 194 2462; x_wconf 82' lang='lat' dir='ltr'>tur.</span> <span class='ocrx_word' id='word_1_297' title='bbox 253 2423 392 2466; x_wconf 80' lang='lat' dir='ltr'>Turio.</span> <span class='ocrx_word' id='word_1_298' title='bbox 422 2424 528 2465; x_wconf 86' lang='lat' dir='ltr'>Flor.</span> <span class='ocrx_word' id='word_1_299' title='bbox 560 2423 681 2465; x_wconf 83' lang='lat' dir='ltr'>Aan.</span> <span class='ocrx_word' id='word_1_300' title='bbox 699 2430 741 2467; x_wconf 89' lang='grc'>2.</span> <span class='ocrx_word' id='word_1_301' title='bbox 776 2422 913 2465; x_wconf 87' lang='lat' dir='ltr'>Guelf.</span> <span class='ocrx_word' id='word_1_302' title='bbox 943 2435 1156 2479; x_wconf 80' lang='lat' dir='ltr'>sequentur.</span> <span class='ocrx_word' id='word_1_303' title='bbox 1217 2420 1335 2463; x_wconf 88' lang='lat' dir='ltr'>Voss.</span> <span class='ocrx_word' id='word_1_304' title='bbox 1358 2425 1399 2461; x_wconf 84' lang='lat'>3.</span> <span class='ocrx_word' id='word_1_305' title='bbox 1430 2419 1574 2474; x_wconf 86' lang='lat' dir='ltr'>Camp.</span> <span class='ocrx_word' id='word_1_306' title='bbox 1614 2460 1618 2464; x_wconf 82' lang='grc'><em>,</em></span> 
     </span>
    </p>
   </div>
   <div class='ocr_carea' id='block_1_4' title="bbox 117 2489 1576 2680">
    <p class='ocr_par' dir='ltr' id='par_1_13' title="bbox 117 2489 1576 2680">
     <span class='ocr_line' id='line_1_35' title="bbox 117 2489 1576 2547; baseline 0 -20"><span class='ocrx_word' id='word_1_307' title='bbox 117 2502 343 2544; x_wconf 79' lang='lat' dir='ltr'>sequantur.</span> <span class='ocrx_word' id='word_1_308' title='bbox 458 2503 515 2532; x_wconf 75' lang='lat' dir='ltr'>est</span> <span class='ocrx_word' id='word_1_309' title='bbox 543 2490 660 2547; x_wconf 81' lang='lat' dir='ltr'>quocl.</span> <span class='ocrx_word' id='word_1_310' title='bbox 720 2489 857 2533; x_wconf 90' lang='lat' dir='ltr'>Guelf.</span> <span class='ocrx_word' id='word_1_311' title='bbox 894 2490 1020 2533; x_wconf 80' lang='lat' dir='ltr'>Goth.</span> <span class='ocrx_word' id='word_1_312' title='bbox 1049 2490 1171 2532; x_wconf 86' lang='lat' dir='ltr'>Voss.</span> <span class='ocrx_word' id='word_1_313' title='bbox 1198 2496 1237 2531; x_wconf 86' lang='lat'>2.</span> <span class='ocrx_word' id='word_1_314' title='bbox 1268 2490 1379 2530; x_wconf 80' lang='lat' dir='ltr'>JenS.</span> <span class='ocrx_word' id='word_1_315' title='bbox 1410 2497 1450 2528; x_wconf 88' lang='lat' dir='ltr'>et</span> <span class='ocrx_word' id='word_1_316' title='bbox 1477 2490 1576 2527; x_wconf 88' lang='lat' dir='ltr'>reli-</span> 
     </span>
     <span class='ocr_line' id='line_1_36' title="bbox 118 2554 1573 2617; baseline 0.003 -21"><span class='ocrx_word' id='word_1_317' title='bbox 118 2570 222 2612; x_wconf 86' lang='lat' dir='ltr'>quae</span> <span class='ocrx_word' id='word_1_318' title='bbox 259 2569 352 2600; x_wconf 82' lang='lat' dir='ltr'>ante</span> <span class='ocrx_word' id='word_1_319' title='bbox 386 2554 516 2602; x_wconf 86' lang='lat' dir='ltr'>Stoer.</span> <span class='ocrx_word' id='word_1_320' title='bbox 556 2564 739 2600; x_wconf 84' lang='lat' dir='ltr'>inserunt</span> <span class='ocrx_word' id='word_1_321' title='bbox 767 2559 823 2601; x_wconf 75' lang='lat' dir='ltr'>id.</span> <span class='ocrx_word' id='word_1_322' title='bbox 939 2559 1134 2617; x_wconf 84' lang='lat' dir='ltr'>Iniquum.</span> <span class='ocrx_word' id='word_1_323' title='bbox 1193 2555 1316 2599; x_wconf 82' lang='lat' dir='ltr'>Amb.</span> <span class='ocrx_word' id='word_1_324' title='bbox 1339 2561 1380 2600; x_wconf 87' lang='lat'>2.</span> <span class='ocrx_word' id='word_1_325' title='bbox 1411 2557 1573 2596; x_wconf 74' lang='lat' dir='ltr'><em>inicum·</em></span> 
     </span>
     <span class='ocr_line' id='line_1_37' title="bbox 203 2627 787 2680; baseline 0.007 -15"><span class='ocrx_word' id='word_1_326' title='bbox 203 2640 372 2680; x_wconf 84' lang='lat' dir='ltr'>aequum.</span> <span class='ocrx_word' id='word_1_327' title='bbox 419 2627 558 2671; x_wconf 75' lang='lat' dir='ltr'>·A1nb.</span> <span class='ocrx_word' id='word_1_328' title='bbox 574 2634 616 2671; x_wconf 85' lang='lat'>2.</span> <span class='ocrx_word' id='word_1_329' title='bbox 639 2643 787 2669; x_wconf 81' lang='lat' dir='ltr'>aecum.</span> 
     </span>
    </p>
   </div>
   <div class='ocr_carea' id='block_1_5' title="bbox 1697 1014 1706 1095">
    <p class='ocr_par' dir='ltr' id='par_1_14' title="bbox 1697 1014 1706 1095">
     <span class='ocr_line' id='line_1_38' title="bbox 1697 1014 1706 1095; textangle 90"><span class='ocrx_word' id='word_1_330' title='bbox 1697 1036 1706 1095; x_wconf 34' lang='lat' dir='ltr'>men-7&lt;</span> <span class='ocrx_word' id='word_1_331' title='bbox 1699 1026 1701 1030; x_wconf 99' lang='lat'>-</span> <span class='ocrx_word' id='word_1_332' title='bbox 1698 1014 1701 1023; x_wconf 51' lang='lat'>«</span> 
     </span>
    </p>
   </div>
  </div>
 </body>
</html>
