1721 2974
176 158 255 197 348
627 151 898 209 Supplementa
925 152 1189 192 annotationis

282 269 320 320 §.
351 273 446 309 1o.·
478 265 623 320 Quare.
682 264 820 304 Turio.
862 279 885 304 a
917 279 976 318 pr.
1013 279 1070 305 m.
1109 262 1273 318 qualem.
1392 262 1616 305 altercator.

169 336 292 379 Goth.
323 335 552 384 altrieator,
603 341 641 372 et
672 335 727 371 ita
756 347 926 386 semper.
1040 332 1196 372 Nullus.
1254 330 1362 371 Flor.
1394 331 1527 374 nullis.

168 406 349 462 affectus.
403 403 512 442 Flor.
544 400 708 456 adfecti.
819 399 923 457 fet-L
981 399 1090 441 Flor.
1122 415 1284 455 quoque
1311 399 1421 456 fere.
1532 397 1619 454 ple-

167 490 323 528 rumque
352 472 430 529 ‘l‘f
486 470 593 510 Flor.
625 471 744 506 inser.
776 477 824 507 et.
941 478 975 506 ct
1004 470 1077 522 ips.
1125 467 1252 508 Amb.
1279 473 1316 508 1.
1347 466 1483 507 Turio.
1514 481 1536 505 a
1555 482 1615 520 pr.

166 558 222 581 ln.
260 544 379 579 inser.
424 541 477 577 in.
595 534 761 590 judices.
820 533 957 574 Turio.
989 550 1011 575 a
1044 551 1102 588 pr.
1135 551 1191 576 m.
1221 537 1316 575 vict.
1441 551 1460 574 e
1491 545 1616 574 contr.

164 611 287 650 Amb.
316 614 352 647 1.
376 605 512 645 Turio.
543 602 650 642 Flor.
684 601 826 656 Camp.
857 619 912 642 ex
939 619 971 645 c.
1087 601 1375 644 conterrmemla.
1426 601 1551 642 Amb.
1578 606 1617 641 1.

164 676 303 717 Turio.
335 689 358 713 a
387 688 445 725 pr.
475 686 530 710 m.
561 670 671 710 Flor.
704 670 950 709 continenda.
1076 673 1230 724 reperit.
1288 668 1415 710 Amb.
1439 673 1477 709 1.
1507 668 1616 708 Flor.

166 757 328 799 quoque
369 741 518 793 recipit.
639 738 734 777 I·Ioe
770 763 827 768 —
861 737 1006 792 pudor.
1073 736 1195 777 Aan.
1227 743 1264 777 1.
1305 736 1413 777 Flor.
1455 751 1619 791 quoque

167 812 240 851 hoc
282 808 389 847 (lium
432 806 529 846 ordo
572 817 628 845 est
667 823 700 846 e.
738 823 778 860 p.
835 805 943 846 Flor.
984 821 1007 845 a
1036 820 1114 846 sec.
1147 820 1205 845 m.
1246 803 1377 844 oclium
1405 803 1555 844 mordet
1585 820 1617 843 e.

163 896 205 933 p.
310 875 522 914 turbantes,
581 873 719 913 Turio.
750 889 772 912 a
793 890 851 927 pr.
873 889 929 913 m.
961 873 1166 913 turbantis.
1269 883 1304 910 et
1336 871 1615 926 impudentiae.

166 943 268 987 Obr.
301 958 382 983 om.
418 954 451 981 et
509 940 637 981 Amb.
665 946 702 981 1.
735 952 769 979 et
799 941 1038 996 inpudentia.
1099 938 1222 980 Goth.
1253 951 1307 978 cst
1338 939 1481 995 impurl.

279 1038 315 1084 §.
354 1038 419 1073 11.
479 1043 519 1071 ut
541 1032 660 1071 obstr.
718 1030 855 1071 Turio.
890 1046 912 1069 a
930 1047 990 1084 pr.
1009 1045 1064 1069 m.
1100 1040 1166 1068 aut
1192 1046 1226 1072 ο.
1342 1029 1505 1069 tumultu
1526 1044 1619 1068 con-

164 1103 350 1160 fundans.
410 1099 517 1139 Flor.
560 1110 584 1137 t.
625 1098 838 1153 corfidani.
966 1098 1134 1150 improb.
1173 1109 1241 1137 ret.
1308 1097 1418 1137 Flor.
1459 1111 1619 1151 quoque

165 1170 417 1226 improbitate
437 1165 726 1206 retundendum.
775 1164 902 1205 Amb.
930 1170 967 1205 1.
1001 1165 1254 1219 improbitate?
1284 1163 1531 1204 retundendo.

162 1236 438 1294 praesidentes.
499 1233 609 1274 Flor.
643 1237 764 1273 etiam
791 1232 1038 1287 possidentis.
1154 1230 1390 1286 appellandi.
1427 1229 1554 1271 Aan.
1579 1235 1618 1271 1.

165 1306 302 1347 Turio.
344 1319 366 1342 a
396 1318 456 1356 pr.
489 1317 544 1342 m.
588 1300 697 1341 Flor.
741 1300 988 1356 appellando.
1121 1299 1364 1356 fi·equenie1·.
1423 1297 1549 1338 Amb.
1580 1303 1619 1338 1.

160 1373 414 1430 frequentius.
471 1369 608 1409 Turio.
641 1384 663 1408 a
691 1385 750 1422 pr.
782 1384 837 1408 m.
867 1368 1117 1426 fi·equentus.
1233 1366 1340 1406 Non.
1397 1365 1465 1406 Sic
1496 1369 1617 1405 etlam

162 1441 289 1481 Amb.
317 1444 356 1478 1.
386 1438 479 1478 Par.
503 1441 540 1476 1,
561 1442 600 1476 2.
717 1436 861 1476 mollis.
921 1435 1058 1475 Turio.
1092 1449 1190 1487 apr.
1214 1449 1269 1473 m.
1300 1433 1424 1474 molli.
1473 1432 1616 1486 Camp.

162 1507 331 1549 mobilis.
445 1503 682 1559 plerumque.
739 1502 848 1544 Flor.
884 1518 1047 1558 quoque
1067 1501 1316 1559 ferrumque.

275 1598 311 1649 §.
347 1600 411 1635 13.
471 1593 514 1632 id
544 1597 598 1633 in.
661 1591 798 1633 Guelf.
833 1608 912 1633 om.
942 1592 997 1633 id.
1114 1595 1222 1646 quia.
1280 1589 1407 1632 Amb.
1433 1595 1471 1631 1.
1499 1592 1621 1630 etiam

164 1664 279 1721 quoti.
394 1671 573 1700 tenentes.
624 1658 747 1700 Amb.
773 1666 811 1700 1.
844 1671 880 1699 te
910 1677 978 1711 ne,
1023 1675 1046 1698 a
1075 1675 1154 1699 sec.
1185 1674 1240 1698 m.
1271 1670 1307 1697 te
1335 1674 1415 1698 nec.
1529 1674 1620 1698 non.

164 1733 374 1774 omittunt
409 1728 535 1768 Amb.
570 1733 607 1768 1.
648 1726 756 1766 Flor.
881 1743 963 1766 nec.
1025 1725 1151 1766 Amb.
1179 1731 1218 1766 1.
1251 1741 1273 1764 a
1301 1741 1362 1778 pr.
1390 1739 1446 1765 m.
1479 1723 1618 1765 Tusie.

165 1817 186 1841 a
217 1816 276 1854 pr.
308 1813 364 1837 m.
394 1795 502 1836 Flor.
536 1812 593 1834 ne.

273 1891 310 1941 §.
345 1887 411 1926 14.
475 1884 619 1924 Omnia
645 1895 835 1938 tempora.
881 1881 1007 1923 Aan.
1032 1887 1070 1922 1.
1104 1884 1417 1935 omnitempore.
1478 1880 1621 1934 [Opti-

165 1973 256 2008 me3
309 1968 436 2009 eaque
475 1955 669 2005 scriptura
700 1960 858 2004 recepta
886 1953 966 2001 jam
997 1950 1194 2004 quidquid
1222 1949 1461 1989 difficultatis
1490 1950 1622 1989 fuerat

161 2027 367 2065 sublatum
396 2019 506 2070 erit.]
619 2018 833 2058 meditatis.
893 2016 1032 2071 Camp.
1060 2016 1293 2057 medietatis.
1397 2015 1619 2069 diligenter.

166 2092 288 2131 Amb.
324 2095 361 2129 1.
401 2088 693 2142 diligenterque.
809 2102 920 2141 quae.
977 2084 1104 2124 Amb.
1142 2089 1180 2124 1.
1222 2083 1337 2138 quid,
1394 2097 1417 2122 a
1453 2099 1532 2123 sec.
1560 2098 1620 2123 m.

163 2176 264 2214 (snae
302 2156 409 2212 qnid.
478 2155 589 2197 Flor.
632 2158 755 2195 etiam
795 2170 892 2208 quae
927 2152 1043 2207 quod.
1173 2154 1342 2205 possint.
1408 2149 1536 2190 Aan.
1578 2155 1618 2189 1.

164 2225 275 2266 lslor.
311 2235 489 2280 possunt.
614 2221 885 2262 dissimulata.
947 2219 1088 2273 Camp.
1121 2217 1323 2258 simulata.
1448 2227 1485 2255 et
1513 2220 1618 2271 inop.

161 2317 222 2327 -—
249 2292 373 2332 simil.
443 2291 511 2332 Sic
540 2291 631 2332 Par.
665 2296 704 2331 1.
771 2287 828 2330 At
855 2287 983 2329 Amb.
1016 2292 1054 2327 1.
1094 2296 1151 2325 est
1180 2289 1208 2325 i.
1238 2302 1266 2324 e.
1297 2294 1366 2324 aut
1392 2286 1533 2324 incisio
1563 2299 1620 2323 ex

163 2361 320 2402 insidiis
337 2359 485 2416 factae
512 2376 546 2400 s.
603 2357 713 2399 Flor.
745 2366 783 2395 et
813 2358 839 2396 i.
871 2372 903 2395 e.
938 2365 1005 2393 aut
1033 2356 1074 2393 in
1103 2352 1255 2393 insidiis
1277 2368 1299 2392 ο
1320 2354 1467 2391 incisio
1483 2350 1616 2407 faeie.

168 2427 311 2481 (lamp.
345 2438 378 2465 el
408 2430 439 2466 i.
470 2425 769 2480 erumptionibus
800 2433 866 2463 aut
896 2437 950 2461 eoe
979 2425 1009 2460 i.
1037 2438 1072 2462 ο.
1090 2420 1136 2478 f.
1168 2437 1199 2460 s.
1256 2418 1409 2472 [Mihi‚
1452 2427 1498 2457 ut
1520 2433 1620 2457 con-

166 2499 407 2545 jecturarum
444 2509 662 2533 numerum
707 2492 826 2531 modo
875 2505 929 2529 ne
973 2492 1116 2528 frustra
1163 2501 1352 2540 augemn,
1401 2486 1619 2538 legendum

169 2563 349 2601 mletur:
400 2573 435 2600 et
471 2563 684 2615 inopinatis
723 2557 991 2612 eruptionibus
1020 2567 1088 2596 aut
1117 2571 1172 2595 ex
1202 2552 1366 2594 insidiis
1398 2554 1620 2593 incursioni

168 2631 248 2678 fiat
275 2629 533 2668 simillimum.
593 2628 709 2669 Certe
730 2629 814 2682 fiat
841 2624 1089 2665 simillimum
1117 2625 1209 2664 satis
1235 2622 1405 2676 placen]
1492 2631 1617 2660 autem
