1695 2974
1401 166 1526 201 xxm

82 277 367 320 adhibendam
406 273 491 316 sibi
521 286 615 314 esse
648 277 839 320 censent,
882 277 925 310 et
953 282 1053 309 mox
1082 266 1182 309 dum
1211 265 1320 308 aliae
1349 281 1405 308 ex
1434 267 1530 310 aliis

85 356 341 398 editionibus
364 355 588 404 ducuntur,
613 353 903 407 corriguntur,
929 345 1254 402 interpolantur,
1277 346 1530 399 conflantur,

86 438 160 477 vix
193 437 356 489 justum
389 433 510 488 quasi
548 429 740 480 alveum,
791 442 914 485 quem
954 435 1122 469 secutus
1160 427 1353 467 videatur
1382 427 1532 478 editor,

86 528 331 570 cognoscas.
390 511 476 551 Sed
499 508 813 564 Campanianae
840 505 982 548 multis
1005 507 1196 561 vestigiis
1222 506 1533 548 demonstratur

86 593 242 634 librum
279 591 571 633 Florentinum
609 588 808 639 subesse,
850 586 962 628 unde
1008 584 1078 636 fit,
1127 594 1173 626 ut
1220 583 1352 625 multa
1399 587 1445 627 in
1485 601 1537 627 ea

89 672 246 712 rectius
275 668 493 725 legantur,
541 681 668 723 quam
709 681 783 722 per
814 668 898 708 tria
928 673 1021 721 post
1059 662 1229 705 saecula
1259 663 1418 707 factum
1451 676 1535 714 est;

89 751 215 790 etiam
236 747 479 798 Andreana,
511 761 635 802 quam
665 761 741 786 nos
773 745 940 800 quidem
969 756 1053 784 non
1073 740 1433 798 perlustravimus,
1465 747 1539 787 sed

91 827 322 878 Gibsonns,
355 826 582 868 admodum
610 823 682 865 ille
712 826 879 879 quidem
908 823 1073 874 leviter,
1105 824 1332 878 excerpsit,
1363 824 1540 866 eandem

90 906 295 948 familiam
326 908 445 962 sequi
467 906 642 946 videtur.
693 903 883 944 Primum
904 902 1188 944 Jensonianus
1211 901 1347 943 editor
1376 902 1542 958 (Omni-

92 985 228 1027 bonus
259 984 546 1038 Leouicenus)
586 982 778 1025 adhibito
806 981 978 1023 alterius
1009 981 1156 1023 classis
1185 979 1321 1030 libro,
1363 980 1543 1023 fortasse

95 1064 430 1118 Guelferbytano
479 1061 548 1102 vel
592 1061 744 1111 simili,
795 1059 1126 1116 Campanianam
1165 1059 1233 1101 vel
1269 1059 1544 1102 Andreanam

95 1145 304 1194 correxit,
345 1152 570 1198 possetque
612 1141 718 1181 adeo
758 1142 919 1195 primus
949 1149 1094 1181 auctor
1124 1138 1318 1195 vulgatae
1348 1137 1545 1182 lectionis

97 1222 270 1273 haberi,
320 1223 471 1277 quippe
502 1235 625 1275 quem
654 1221 885 1260 maximam
916 1228 1076 1274 partem
1106 1217 1288 1260 fideliter
1318 1228 1548 1274 sequantur

96 1299 389 1342 Locatelliana
420 1308 460 1338 et
490 1297 657 1339 Veneta
706 1297 853 1351 1494),
894 1299 937 1337 ni
977 1307 1117 1337 tamen
1148 1296 1379 1337 Tarvisina
1419 1299 1548 1340 editio

98 1377 386 1434 compluribus
409 1376 515 1418 locis
546 1376 598 1417 ad
629 1377 811 1431 priorem
840 1375 1049 1417 librorum
1083 1374 1261 1417 classem
1292 1378 1549 1418 revertisset.

99 1460 242 1500 Etiam
271 1455 451 1506 Aldina,
500 1469 596 1496 cum
625 1455 757 1496 multa
785 1456 939 1496 menda
967 1454 1177 1511 Naugerii
1208 1458 1457 1498 correctoris
1489 1459 1553 1498 in-

100 1539 227 1594 genio
246 1534 427 1586 tolleret,
457 1544 546 1576 tum
567 1549 622 1576 ex
650 1535 793 1576 codice
822 1536 983 1590 primae
1013 1533 1200 1576 familiae
1227 1535 1418 1590 profecit,
1453 1538 1551 1592 quin

101 1617 252 1666 etiam,
283 1616 327 1655 ni
355 1629 611 1670 magnopere
638 1613 785 1665 fallor,
813 1615 944 1669 ipsius
977 1616 1019 1654 in
1050 1629 1101 1655 ea
1129 1613 1403 1656 Ambrosiani
1433 1615 1453 1656 I
1484 1630 1554 1657 co-

103 1696 210 1737 dicis
244 1693 385 1749 aliqua
413 1695 565 1735 notitia
596 1702 781 1750 apparet.
841 1693 1006 1734 Verum
1036 1692 1220 1743 Badius,
1271 1692 1554 1735 confidentius

103 1781 266 1814 textum
302 1785 532 1827 aggresus,
585 1786 681 1813 cum
720 1781 763 1813 et
801 1775 949 1814 tertiae
989 1772 1138 1815 classis
1176 1772 1288 1814 libro
1327 1772 1554 1827 (Vallensi,

106 1866 219 1893 nunc
250 1850 384 1891 Paris.
416 1855 456 1901 2,
489 1851 586 1891 vide
614 1866 692 1893 nos
723 1853 776 1894 ad
808 1852 885 1904 ΙΙΙ,
919 1858 957 1904 ’1,
989 1857 1059 1908 20)
1090 1852 1269 1894 multum
1300 1867 1401 1894 usus
1432 1861 1558 1900 esset,

106 1939 145 1970 et
168 1929 396 1984 plurimum
417 1929 635 1971 tribuisset
656 1930 795 1987 Regii,
827 1933 1098 1973 audacissimi
1121 1932 1271 1982 critici,
1305 1946 1558 1986 quamquam

105 2022 230 2062 saepe
261 2007 419 2058 felicis,
458 2010 736 2062 conjecturis,
775 2021 914 2051 certus
945 2021 1089 2052 auctor
1123 2011 1317 2066 vulgatae
1348 2007 1559 2059 lectionis,

106 2101 213 2142 quae
244 2087 411 2136 dicitur,
442 2089 596 2128 extitit.
657 2088 741 2130 Sed
772 2104 823 2130 ea
850 2100 990 2131 tamen
1022 2105 1104 2131 non
1129 2097 1192 2131 est
1211 2091 1328 2144 prius
1351 2087 1558 2138 absoluta,

106 2179 231 2221 quam
289 2163 559 2219 Gryphianus
610 2167 746 2208 editor
797 2169 840 2207 in
897 2168 1126 2210 verborum
1184 2169 1369 2209 maxime
1417 2167 1560 2221 positu

107 2243 240 2285 multa
269 2245 322 2285 ad
351 2243 518 2285 libitum
548 2254 766 2286 mutasset.
824 2247 895 2287 Sic
927 2248 1079 2288 deinde
1108 2262 1181 2303 per
1212 2246 1448 2295 Smer-ium,
1492 2245 1563 2299 qui

108 2332 250 2364 tamen
282 2332 324 2363 et
351 2324 440 2378 ipse
472 2323 677 2365 nonnulla
707 2327 905 2376 correxit,
938 2336 978 2368 et
1005 2325 1263 2367 Chouetium
1293 2324 1347 2364 ad
1374 2322 1561 2378 reliquos

108 2411 339 2458 propagata
368 2412 456 2453 est,
500 2404 720 2460 coepitque
746 2405 838 2458 jam
868 2407 1090 2446 vetustatis
1115 2406 1214 2459 jure
1239 2403 1324 2443 frui
1343 2401 1563 2458 religiose-

111 2495 190 2536 que
221 2480 325 2532 coli,
376 2482 511 2523 donec
541 2481 814 2539 Spaldingius
846 2498 939 2524 eam
970 2499 1118 2526 rursus
1159 2483 1211 2524 ad
1251 2482 1446 2523 codicum
1475 2495 1563 2521 ma-

110 2561 420 2614 nuscriptorum
459 2560 587 2602 fidem
631 2573 833 2604 revocare
874 2565 1024 2619 coepit.
1094 2559 1232 2611 Quam
1272 2575 1361 2602 rem
1399 2561 1563 2601 utinam

106 2639 197 2691 jam
228 2637 279 2679 ab
313 2626 435 2680 initio
457 2640 623 2682 fortiter
643 2656 870 2698 aggressus
894 2653 1019 2693 esset,
1053 2640 1118 2682 vel
1150 2642 1353 2696 potuisset
1373 2639 1563 2695 aggredi,
